code,detail,TTM,Y1,Y2,Y3,Y4,Y5,Y6,Y7,Y8,Y9,Y10
3174,Year End,TTM,2020-03,2019-03,2018-03,2017-03,2016-03,2015-03,2014-03,2013-03,2012-03,2011-03
3174,Revenue,163,140,134,87,43,342,466,492,216,131,44
3174,NP,-8,15,42,74,36,95,105,75,44,30,10
3174,EPS,—,0.01,0.01,0.02,0.02,0.06,0.08,0.07,0.06,0.03,0.01
3174,DPS,—,0.01,0.01,—,0.02,0.02,0.02,—,—,—,—
3174,Div Payout,—,84.8,139.1,—,25.9,55.3,17.8,—,—,—,—
3174,Shares,"2,973","2,973","2,953","2,776","1,487","1,497","1,267","1,134",753,"1,165","1,165"
3174,BVPS,0.37,0.36,0.36,0.37,0.51,0.47,0.46,0.58,0.26,0.23,—
3174,OCF,—,—,—,—,—,—,—,—,—,—,—
3174,FCF,-6,-68,-70,-31,2,219,146,-38,52,2,19
3174,NP Margin,-4.60,10.66,31.00,85.67,83.30,27.77,22.63,15.31,20.33,23.22,23.11
3174,ROE,-0.69,1.37,3.77,8.41,5.25,14.37,19.05,18.63,14.43,11.27,4.18
3174,Revenue GR,-17.68,3.93,55.11,103.22,-87.53,-26.56,-5.31,127.43,65.36,195.91,—
3174,Revenue GR 3Y avg,—,48.52,-26.75,-42.91,-55.74,16.51,52.71,123.26,92.73,51.51,—
3174,Revenue GR 5Y avg,—,-21.40,-22.85,-16.71,-20.08,50.57,72.82,67.23,35.86,6.36,—
3174,Revenue GR 10Y avg,—,16.55,13.58,6.37,-7.80,1.90,—,—,—,—,—
3174,NP GR,—,-25.16,-24.02,-11.03,-22.16,29.28,51.42,94.66,13.99,25.63,—
3174,NP GR 3Y avg,—,-32.39,-11.17,11.05,3.19,56.21,28.85,37.52,76.14,34.24,—
3174,NP GR 5Y avg,—,-6.67,10.53,39.86,17.69,3.23,—,—,—,—,—
3174,NP GR 10Y avg,0.0,0.0,0.0,0.0,0.0,0.0,0.0,0.0,0.0,0.0,0.0
3174,EPS GR,—,-64.54,-47.39,12.01,-62.33,-23.76,21.86,81.35,44.49,197.08,—
3174,EPS GR 3Y avg,—,-40.66,-39.45,-31.48,-29.53,18.99,47.26,98.19,13.96,25.66,—
3174,EPS GR 5Y avg,—,-43.03,-27.07,-6.59,-1.72,48.54,26.74,39.06,76.38,34.36,—
3174,EPS GR 10Y avg,—,-15.03,0.70,28.35,14.92,2.51,—,—,—,—,—
3174,OCF GR,—,—,—,—,-98.52,-0.60,241.99,20.05,324.52,-32.13,—
3174,FCF GR,—,—,—,—,-98.93,50.29,—,—,—,-92.16,—
3174,D/E,0.17,0.17,0.15,0.15,0.10,0.12,0.13,0.02,0.17,0.18,—
3174,Price,0.1200,0.1200,0.0750,0.1500,0.1750,0.3250,0.3450,0.5000,0.5000,0.4150,0.3400
3239,Year End,TTM,2020-06,2019-06,2018-06,2017-06,2016-06,2015-06,2014-06,2013-06,2012-06,2011-06
3239,Revenue,178,247,331,313,356,387,413,419,362,331,—
3239,NP,-140,-124,-81,-33,-11,-54,73,45,46,162,—
3239,EPS,-0.05,-0.05,-0.03,-0.01,-0.01,-0.02,0.03,0.02,0.02,0.08,0.13
3239,DPS,—,—,—,—,—,0.01,0.01,0.01,0.01,0.02,0.01
3239,Div Payout,—,—,—,—,—,64.5,24.5,75.1,17.1,7.7,—
3239,Shares,"2,558","2,558","2,558","2,515","2,226","2,226","2,226","2,226","2,226","2,226","2,226"
3239,BVPS,0.83,0.84,0.89,0.91,0.93,1.02,0.95,0.93,0.98,0.82,—
3239,OCF,—,—,—,—,—,—,—,—,—,—,—
3239,FCF,-21,36,72,29,51,76,111,56,-62,-30,—
3239,NP Margin,-78.62,-50.17,-24.60,-10.54,-3.21,-13.98,17.62,10.81,12.67,48.80,82.10
3239,ROE,-6.56,-5.90,-3.64,-1.46,-0.52,-2.51,3.47,2.11,2.22,16.83,17.52
3239,Revenue GR,-26.45,-25.41,5.77,-12.25,-7.94,-6.22,-1.59,15.98,9.14,—,—
3239,Revenue GR 3Y avg,—,-11.54,-5.11,-8.84,-5.29,2.29,7.60,958.16,—,432.58,—
3239,Revenue GR 5Y avg,—,-9.78,-4.64,-2.87,1.46,305.29,—,221.74,202.63,203.15,—
3239,Revenue GR 10Y avg,—,—,86.65,81.96,85.72,—,—,—,—,—,—
3239,NP GR,—,—,—,—,—,—,-23.39,438.32,—,—,—
3239,NP GR 3Y avg,—,—,—,—,—,—,—,—,—,—,—
3239,NP GR 5Y avg,—,—,—,—,—,—,—,—,—,—,—
3239,NP GR 10Y avg,0.0,0.0,0.0,0.0,0.0,0.0,0.0,0.0,0.0,0.0,0.0
3239,EPS GR,-75.00,—,—,—,—,—,60.44,-1.21,-71.64,-44.36,—
3239,EPS GR 3Y avg,—,—,—,—,—,—,-23.40,-46.18,—,—,—
3239,EPS GR 5Y avg,—,—,—,—,—,—,—,—,—,—,—
3239,EPS GR 10Y avg,—,—,—,—,—,—,—,—,—,—,—
3239,OCF GR,—,-47.77,136.08,-41.04,-33.87,-30.31,86.70,-28.15,3.83,—,—
3239,FCF GR,—,-48.99,149.73,-44.07,-32.91,-31.33,97.70,—,—,—,—
3239,D/E,0.32,0.31,0.30,0.30,0.33,0.32,0.22,0.19,0.26,0.19,0.17
3239,Price,0.4450,0.3000,0.3050,0.3800,1.2500,0.7800,0.8050,0.8300,0.9050,0.8400,1.0500
3247,Year End,TTM,2020-12,2019-12,2018-12,2017-12,2016-12,2015-12,2014-12,2013-12,2012-12,2011-12
3247,Revenue,239,238,334,349,355,315,285,298,285,268,311
3247,NP,-38,-45,5,-3,-2,19,10,21,30,36,36
3247,EPS,-0.14,-0.16,0.02,-0.01,-0.03,0.07,0.04,0.07,0.11,0.13,0.12
3247,DPS,—,—,—,—,—,0.03,0.05,0.05,0.03,0.03,0.03
3247,Div Payout,—,—,—,—,—,94.6,65.9,64.0,36.1,30.2,25.4
3247,Shares,278,278,278,278,274,278,278,279,278,287,306
3247,BVPS,1.71,1.73,1.83,1.87,1.89,1.84,1.90,1.72,1.58,1.44,1.22
3247,OCF,-10,-7,17,25,-9,-20,6,14,7,29,53
3247,FCF,-14,-11,5,12,-30,-29,1,1,1,7,41
3247,NP Margin,-15.86,-18.91,1.50,-0.77,-0.49,6.00,3.49,6.89,10.53,13.45,11.57
3247,ROE,-7.73,-9.23,0.99,-0.52,-0.33,3.62,1.96,4.17,6.57,8.59,8.92
3247,Revenue GR,2.58,-28.84,-4.12,-1.94,12.97,10.56,-4.44,4.56,6.10,-13.76,0.65
3247,Revenue GR 3Y avg,—,-12.54,2.03,6.99,6.08,3.37,1.97,-1.46,-2.71,-0.53,2.13
3247,Revenue GR 5Y avg,—,-3.53,2.33,4.12,5.78,0.22,-1.65,1.77,-0.51,-2.08,2.57
3247,Revenue GR 10Y avg,—,-2.59,2.05,1.78,1.77,1.38,—,—,—,—,—
3247,NP GR,—,—,-35.70,—,—,-14.29,-34.97,-17.10,-11.85,-10.51,13.87
3247,NP GR 3Y avg,—,—,-24.54,—,—,-12.12,-25.67,-16.45,4.22,3.48,11.84
3247,NP GR 5Y avg,—,—,-20.60,—,—,-0.86,—,—,—,—,—
3247,NP GR 10Y avg,0.0,0.0,0.0,0.0,0.0,0.0,0.0,0.0,0.0,0.0,0.0
3247,EPS GR,-235.51,—,—,—,—,90.43,-51.48,-31.66,-14.29,6.87,-14.35
3247,EPS GR 3Y avg,—,—,-35.67,—,—,-14.21,-34.25,-14.46,-7.77,-5.26,19.99
3247,EPS GR 5Y avg,—,—,-24.46,—,—,-10.37,-23.61,-13.01,9.61,9.84,17.73
3247,EPS GR 10Y avg,—,—,-18.94,—,—,2.72,—,—,—,—,—
3247,OCF GR,—,—,-31.57,—,—,—,-55.42,106.26,-76.55,-46.28,250.79
3247,FCF GR,—,—,-59.05,—,—,—,-19.94,-16.28,-83.56,-82.29,—
3247,D/E,0.05,0.05,0.07,0.09,0.04,0.03,—,—,—,—,—
3247,Price,0.4400,0.4550,0.4750,0.4500,0.7000,0.8450,1.0200,1.0400,0.9600,1.1300,1.2000
3395,Year End,TTM,2020-06,2018-04,2017-04,2016-04,2015-04,2014-04,2013-04,2012-04,2011-04,2010-04
3395,Revenue,"6,566","6,990","8,665","9,182","9,017","9,519","8,729","7,376","7,014","6,553","6,756"
3395,NP,-537,-117,-370,149,-177,832,-149,75,874,626,394
3395,EPS,-0.09,-0.02,-0.06,0.03,-0.03,0.17,-0.03,0.02,0.07,0.07,0.02
3395,DPS,—,—,—,—,0.01,0.01,0.01,0.01,0.02,0.01,0.01
3395,Div Payout,—,—,—,—,—,—,—,—,—,—,—
3395,Shares,"5,915","6,084","5,848","5,721","5,459","5,361","5,443","5,635","4,713","4,708","4,504"
3395,BVPS,1.23,1.35,—,—,—,—,—,—,—,—,—
3395,OCF,—,—,—,—,—,—,—,—,—,—,—
3395,FCF,216,-172,422,-350,57,-46,94,-212,96,410,—
3395,NP Margin,-8.12,-1.60,-4.16,1.75,-1.82,8.89,-1.54,1.24,4.37,5.37,1.25
3395,ROE,-8.14,-1.69,-5.16,2.29,-2.36,13.38,-2.34,1.58,5.22,5.89,1.46
3395,Revenue GR,-7.82,-9.43,-5.63,1.84,-5.27,9.05,18.34,5.16,7.04,—,—
3395,Revenue GR 3Y avg,—,-5.92,-3.08,1.70,6.92,10.71,10.03,2.97,3.43,—,—
3395,Revenue GR 5Y avg,—,-3.54,3.27,5.53,6.59,7.10,6.61,16.31,25.97,—,—
3395,Revenue GR 10Y avg,—,0.88,9.60,15.30,12.71,12.49,—,—,—,—,—
3395,NP GR,—,—,—,—,—,-1.65,—,-42.50,100.11,—,—
3395,NP GR 3Y avg,—,—,—,-29.78,—,16.09,—,-42.11,30.78,—,—
3395,NP GR 5Y avg,—,—,—,-4.17,—,13.72,—,—,—,—,—
3395,NP GR 10Y avg,0.0,0.0,0.0,0.0,0.0,0.0,0.0,0.0,0.0,0.0,0.0
3395,EPS GR,-122.49,—,—,—,—,—,—,-74.21,-13.25,—,—
3395,EPS GR 3Y avg,—,—,—,—,—,34.35,—,-1.97,—,—,—
3395,EPS GR 5Y avg,—,—,—,-15.34,—,54.69,—,-35.95,13.40,—,—
3395,EPS GR 10Y avg,—,—,—,-2.02,—,-4.47,—,—,—,—,—
3395,OCF GR,—,-60.36,482.14,-90.88,177.62,-1.03,24.01,-22.93,-41.12,—,—
3395,FCF GR,—,—,—,—,—,—,—,—,-76.50,—,—
3395,D/E,0.79,0.76,0.55,0.48,0.68,0.71,0.71,0.52,0.53,0.22,0.37
3395,Price,0.4550,0.1900,0.2600,0.3000,0.2900,0.3500,0.3850,0.4350,0.5000,0.5200,0.8000
3441,Year End,TTM,2020-01,2019-01,2018-01,2017-01,2016-01,2015-01,2014-01,2013-01,2012-01,2011-01
3441,Revenue,86,97,106,122,185,222,245,280,286,298,295
3441,NP,-18,-19,-97,-22,-37,-13,-16,-38,-32,-46,3
3441,EPS,-0.02,-0.03,-0.15,-0.03,-0.05,-0.02,-0.02,-0.06,-0.05,-0.07,—
3441,DPS,—,—,—,—,—,—,—,—,—,—,—
3441,Div Payout,—,—,—,—,—,—,—,—,—,—,—
3441,Shares,818,689,689,689,689,689,689,689,689,689,689
3441,BVPS,0.05,—,—,—,—,—,—,—,—,—,—
3441,OCF,202,117,-17,127,-43,37,144,36,-12,-58,9
3441,FCF,200,115,-18,124,-44,33,139,33,-18,-64,3
3441,NP Margin,-21.06,-19.47,-91.35,-18.28,-20.07,-5.92,-6.69,-13.75,-11.12,-15.28,1.02
3441,ROE,-33.04,-24.74,-70.38,-11.75,-18.40,-6.42,-7.99,-17.95,-16.26,-23.63,1.40
3441,Revenue GR,32.26,-8.37,-13.56,-33.94,-16.43,-9.47,-12.45,-2.29,-3.94,1.25,—
3441,Revenue GR 3Y avg,—,-19.42,-21.85,-20.64,-12.83,-8.17,-6.34,-1.68,-3.18,-19.37,—
3441,Revenue GR 5Y avg,—,-16.92,-17.67,-15.63,-9.07,-5.51,-4.94,-13.22,-9.27,-10.60,—
3441,Revenue GR 10Y avg,—,-11.13,-15.48,-12.51,-9.84,-8.52,—,—,—,—,—
3441,NP GR,—,—,—,—,—,—,—,—,—,—,—
3441,NP GR 3Y avg,—,—,—,—,—,—,—,—,—,—,—
3441,NP GR 5Y avg,—,—,—,—,—,—,—,—,—,—,—
3441,NP GR 10Y avg,0.0,0.0,0.0,0.0,0.0,0.0,0.0,0.0,0.0,0.0,0.0
3441,EPS GR,-126.76,—,—,—,—,—,—,—,—,—,—
3441,EPS GR 3Y avg,—,—,—,—,—,—,—,—,—,—,—
3441,EPS GR 5Y avg,—,—,—,—,—,—,—,—,—,—,—
3441,EPS GR 10Y avg,—,—,—,—,—,—,—,—,—,—,—
3441,OCF GR,—,—,—,—,—,-74.44,294.54,—,—,—,—
3441,FCF GR,—,—,—,—,—,-76.10,321.61,—,—,—,—
3441,D/E,7.28,4.84,3.29,1.60,1.56,0.09,0.03,0.03,0.04,0.06,0.31
3441,Price,0.1650,0.0650,0.0900,0.3150,0.1750,0.1150,0.1950,0.1500,0.1500,0.2500,0.3800
3476,Year End,TTM,2020-12,2019-12,2018-12,2017-12,2016-12,2015-12,2014-12,2013-12,2012-12,2011-12
3476,Revenue,879,868,966,956,"1,180","1,049",958,"1,087",930,"1,056","1,255"
3476,NP,-77,-65,88,36,23,113,135,130,149,83,75
3476,EPS,-0.21,-0.18,0.25,0.10,0.06,0.35,0.38,0.36,0.41,0.23,0.21
3476,DPS,—,—,0.10,0.10,0.10,0.10,0.10,0.10,0.11,0.10,0.10
3476,Div Payout,—,506.3,42.6,166.3,46.3,—,15.2,34.7,26.8,43.5,—
3476,Shares,359,359,359,359,359,359,360,360,360,360,360
3476,BVPS,6.16,6.06,6.15,6.24,6.49,5.94,5.96,5.47,5.32,5.09,4.88
3476,OCF,-24,-22,100,95,73,65,15,108,85,98,80
3476,FCF,-31,-32,73,63,23,36,-2,-169,75,90,56
3476,NP Margin,-8.72,-7.44,9.14,3.81,1.94,10.76,14.10,11.94,16.00,7.83,5.95
3476,ROE,-3.48,-2.94,3.93,1.58,0.99,5.16,6.47,6.43,7.75,4.58,4.15
3476,Revenue GR,4.56,-10.22,1.08,-18.98,12.47,9.50,-11.81,16.79,-11.89,-15.86,23.17
3476,Revenue GR 3Y avg,—,-9.74,-2.70,-0.07,2.79,4.09,-3.19,-4.69,-2.98,4.96,-3.13
3476,Revenue GR 5Y avg,—,-1.96,-2.32,0.55,2.25,-3.52,-1.22,3.54,-7.59,-1.13,8.89
3476,Revenue GR 10Y avg,—,-1.59,0.57,-3.61,0.54,2.50,—,—,—,—,—
3476,NP GR,—,—,-7.86,-35.37,-43.94,-8.80,17.79,20.23,-23.44,-6.34,6.45
3476,NP GR 3Y avg,—,—,-7.40,-24.51,-22.67,8.63,-16.44,5.21,19.18,-0.42,6.53
3476,NP GR 5Y avg,—,—,-1.29,-5.15,-12.25,7.57,—,—,—,—,—
3476,NP GR 10Y avg,0.0,0.0,0.0,0.0,0.0,0.0,0.0,0.0,0.0,0.0,0.0
3476,EPS GR,-52.52,—,142.17,59.59,-79.75,-16.28,4.19,-12.83,79.61,9.52,-65.76
3476,EPS GR 3Y avg,—,—,-7.85,-35.33,-43.89,-8.73,17.72,19.69,-12.34,-6.35,6.88
3476,EPS GR 5Y avg,—,—,-7.35,-24.48,-22.67,8.39,-9.36,5.16,19.15,-0.46,6.77
3476,EPS GR 10Y avg,—,—,-1.29,-5.14,-12.26,7.58,—,—,—,—,—
3476,OCF GR,—,—,6.04,29.00,13.41,324.46,-85.85,26.44,-13.11,23.17,67.56
3476,FCF GR,—,—,14.77,171.12,-35.73,—,—,—,-16.40,58.79,—
3476,D/E,0.08,0.08,—,0.09,0.09,—,0.13,0.12,—,—,—
3476,Price,3.6000,3.8400,4.7000,4.0800,4.6000,4.7300,5.3300,5.2600,6.8800,4.5600,3.9500
3484,Year End,TTM,2019-12,2018-12,2017-12,2016-12,2015-12,2014-12,2013-12,2012-12,2011-12,2010-12
3484,Revenue,230,293,304,250,184,207,199,184,197,9,63
3484,NP,5,23,19,17,-27,-4,-6,9,1,-2,-9
3484,EPS,0.02,0.07,0.06,0.05,-0.09,-0.01,-0.01,0.04,—,—,-0.04
3484,DPS,—,—,—,—,—,—,—,—,—,—,—
3484,Div Payout,—,—,—,—,—,—,—,—,—,—,—
3484,Shares,318,318,318,310,309,309,309,309,262,250,250
3484,BVPS,0.54,0.56,0.49,0.29,0.32,0.37,0.39,0.41,0.37,0.42,—
3484,OCF,—,9,18,-20,-16,-2,—,—,—,—,—
3484,FCF,-38,8,14,-31,-16,-10,3,-7,-5,25,2
3484,NP Margin,2.22,7.86,6.29,6.81,-14.61,-2.08,-2.96,5.07,0.64,-19.78,-14.40
3484,ROE,2.85,12.85,12.04,14.46,-26.46,-3.69,-4.79,7.74,1.16,-1.70,-8.33
3484,Revenue GR,-51.05,-3.51,21.78,36.03,-11.33,4.25,7.79,-6.56,2112.26,-85.88,—
3484,Revenue GR 3Y avg,—,16.92,13.67,7.93,-0.12,1.64,181.40,42.93,93.58,-41.38,—
3484,Revenue GR 5Y avg,—,8.12,10.54,4.84,83.13,26.83,48.85,33.02,43.14,-35.46,—
3484,Revenue GR 10Y avg,—,26.86,21.26,22.50,8.72,—,—,—,—,—,—
3484,NP GR,—,—,—,—,—,—,—,—,18.46,—,—
3484,NP GR 3Y avg,—,—,15.42,68.04,—,—,—,—,—,—,—
3484,NP GR 5Y avg,—,40.61,—,—,—,—,—,—,—,—,—
3484,NP GR 10Y avg,0.0,0.0,0.0,0.0,0.0,0.0,0.0,0.0,0.0,0.0,0.0
3484,EPS GR,-135.88,20.63,9.67,—,—,—,—,529.17,—,—,—
3484,EPS GR 3Y avg,—,—,—,—,—,—,—,—,52.10,—,—
3484,EPS GR 5Y avg,—,—,14.76,62.75,—,—,—,—,—,—,—
3484,EPS GR 10Y avg,—,48.78,—,—,—,—,—,—,—,—,—
3484,OCF GR,—,-48.62,—,—,—,—,-2.75,249.59,-90.86,—,—
3484,FCF GR,—,-39.28,—,—,—,—,—,—,—,—,—
3484,D/E,0.15,0.33,0.04,0.08,0.06,0.04,0.05,0.07,0.04,—,—
3484,Price,0.3900,0.3600,0.4300,0.2250,0.5150,0.5250,0.7550,0.9350,0.4100,0.5100,0.6100
3557,Year End,TTM,2020-05,2019-05,2018-05,2017-05,2016-05,2015-05,2014-05,2013-05,2012-05,2011-05
3557,Revenue,53,150,221,181,127,121,81,24,76,160,25
3557,NP,—,17,23,45,16,16,6,30,24,11,8
3557,EPS,—,0.02,0.03,0.06,0.02,0.02,0.01,0.05,0.04,0.02,0.01
3557,DPS,—,—,—,—,—,—,—,—,—,—,—
3557,Div Payout,—,—,—,—,—,—,—,—,—,—,—
3557,Shares,811,795,801,803,795,731,721,650,650,650,650
3557,BVPS,0.42,0.44,0.41,0.36,0.31,0.29,0.28,0.28,0.21,0.20,—
3557,OCF,-42,-3,108,-42,-129,42,-33,-32,28,32,-16
3557,FCF,-42,-4,108,-43,-130,42,-35,-33,25,30,-16
3557,NP Margin,-0.03,11.39,10.22,24.96,12.68,13.37,7.54,123.14,31.79,6.80,35.07
3557,ROE,-0.01,5.04,7.16,16.27,6.64,7.43,3.17,18.21,17.33,8.79,7.83
3557,Revenue GR,-89.58,-32.19,22.06,42.51,4.98,49.23,232.12,-67.98,-52.42,542.55,—
3557,Revenue GR 3Y avg,—,5.66,22.23,30.70,73.28,16.64,-20.31,-0.71,53.60,53.91,—
3557,Revenue GR 5Y avg,—,13.07,55.36,18.88,-4.54,37.14,30.97,-11.10,20.18,19.13,—
3557,Revenue GR 10Y avg,—,21.69,17.53,19.52,7.56,6.85,—,—,—,—,—
3557,NP GR,—,1.94,11.76,94.78,-18.78,-12.62,-17.54,52.48,—,—,—
3557,NP GR 3Y avg,—,22.78,-5.56,13.26,8.12,13.79,—,—,—,—,—
3557,NP GR 5Y avg,—,—,—,—,—,—,—,—,—,—,—
3557,NP GR 10Y avg,0.0,0.0,0.0,0.0,0.0,0.0,0.0,0.0,0.0,0.0,0.0
3557,EPS GR,-177.61,-23.76,-49.91,177.34,-8.56,161.18,-81.64,24.13,122.02,24.44,—
3557,EPS GR 3Y avg,—,1.93,8.30,87.80,-24.03,-15.88,-20.32,50.81,—,—,—
3557,EPS GR 5Y avg,—,20.39,-9.44,8.58,3.86,10.46,—,—,—,—,—
3557,EPS GR 10Y avg,—,—,—,—,—,—,—,—,—,—,—
3557,OCF GR,—,—,—,—,—,—,—,—,-13.69,—,—
3557,FCF GR,—,—,—,—,—,—,—,—,-17.62,—,—
3557,D/E,0.41,0.42,0.48,0.61,0.70,0.43,0.67,0.64,0.60,0.74,0.88
3557,Price,0.3600,0.3100,0.3050,0.3000,0.2950,0.2600,0.3150,0.2900,0.1650,0.1700,0.1700
3565,Year End,TTM,2020-03,2019-03,2018-03,2017-03,2016-03,2015-03,2013-01,2012-01,2011-01,2010-01
3565,Revenue,356,815,760,868,817,535,19,18,20,28,50
3565,NP,-87,-35,20,14,35,27,38,-23,27,-51,-34
3565,EPS,-0.07,-0.03,0.02,0.03,0.04,0.03,0.05,-0.04,0.05,-0.10,-0.07
3565,DPS,—,—,—,—,—,—,—,—,—,—,—
3565,Div Payout,—,—,—,—,—,—,—,—,—,—,—
3565,Shares,"1,312","1,074","1,003","1,003","1,003","1,003",820,560,560,512,509
3565,BVPS,0.34,0.63,0.70,0.71,0.67,0.65,0.65,—,—,—,—
3565,OCF,-68,—,-81,-2,-7,1,-7,3,27,-23,—
3565,FCF,-357,-996,-968,-875,"-1,009",-196,-23,2,7,-34,—
3565,NP Margin,-24.54,-4.29,2.69,1.58,4.30,5.03,207.77,-129.87,138.24,-181.41,-68.11
3565,ROE,-11.08,-4.58,2.92,1.98,5.26,4.23,10.25,-20.52,24.55,-54.87,-33.28
3565,Revenue GR,-6.15,7.25,-12.49,6.18,52.80,2791.94,1.65,-9.70,-29.36,—,—
3565,Revenue GR 3Y avg,—,-0.11,12.40,260.68,150.48,120.65,-9.47,-29.22,-23.37,—,—
3565,Revenue GR 5Y avg,—,113.19,83.75,84.64,72.83,46.70,-13.10,-21.13,-12.61,—,—
3565,Revenue GR 10Y avg,—,29.88,25.80,32.08,24.86,—,—,—,—,—,—
3565,NP GR,—,—,-8.70,-29.13,—,-0.39,—,—,34.48,—,—
3565,NP GR 3Y avg,—,—,—,-10.62,—,—,22.07,—,—,—,—
3565,NP GR 5Y avg,—,—,—,—,—,—,—,—,—,—,—
3565,NP GR 10Y avg,0.0,0.0,0.0,0.0,0.0,0.0,0.0,0.0,0.0,0.0,0.0
3565,EPS GR,-23.26,—,50.00,-61.25,31.46,-43.07,—,—,—,—,—
3565,EPS GR 3Y avg,—,—,-8.58,-33.81,—,-13.69,—,—,30.71,—,—
3565,EPS GR 5Y avg,—,—,—,-18.85,—,—,13.00,—,—,—,—
3565,EPS GR 10Y avg,—,—,—,—,—,—,—,—,—,—,—
3565,OCF GR,—,—,—,—,—,—,—,-89.22,—,—,—
3565,FCF GR,—,—,—,—,—,—,—,-71.98,—,—,—
3565,D/E,4.24,3.80,3.88,3.28,2.36,1.71,—,—,0.87,1.45,1.41
3565,Price,0.4700,0.4700,0.1900,0.5300,0.9850,1.3200,0.9200,1.0300,1.2200,1.0100,0.8750
3573,Year End,TTM,2020-12,2019-12,2018-12,2017-12,2016-12,2015-12,2014-12,2013-12,2012-12,2011-12
3573,Revenue,8,11,25,25,73,124,147,124,147,125,96
3573,NP,-26,-30,-3,-36,-2,-49,-18,-9,2,94,-8
3573,EPS,-0.08,-0.09,-0.01,-0.10,-0.01,-0.14,-0.05,-0.03,0.01,0.27,-0.02
3573,DPS,—,—,—,—,—,—,—,—,—,—,—
3573,Div Payout,—,—,—,—,—,—,—,—,—,—,—
3573,Shares,332,332,333,341,345,343,343,343,343,343,343
3573,BVPS,1.13,1.34,1.37,1.45,1.43,1.55,0.71,0.76,0.77,0.77,0.49
3573,OCF,-9,-15,9,-38,-18,16,-2,15,2,-12,5
3573,FCF,-10,-16,2,-40,-26,7,-5,9,-2,-20,-11
3573,NP Margin,-312.11,-264.08,-11.17,-141.24,-3.31,-39.59,-12.01,-7.55,1.48,75.16,-8.42
3573,ROE,-6.25,-7.07,-0.59,-7.11,-0.46,-12.86,-7.12,-3.57,0.82,43.28,-4.63
3573,Revenue GR,-59.49,-54.39,-1.05,-65.59,-40.93,-16.06,18.99,-15.68,17.16,30.48,36.09
3573,Revenue GR 3Y avg,—,-46.25,-41.41,-44.53,-16.13,-5.56,5.54,8.83,27.66,18.93,-0.91
3573,Revenue GR 5Y avg,—,-40.12,-27.46,-29.74,-10.23,5.19,15.86,10.69,8.27,12.32,-0.73
3573,Revenue GR 10Y avg,—,-16.71,-10.39,-12.78,0.41,2.18,—,—,—,—,—
3573,NP GR,—,—,—,—,—,—,—,—,25.27,81.59,—
3573,NP GR 3Y avg,—,—,—,—,—,—,—,—,—,—,—
3573,NP GR 5Y avg,—,—,—,—,—,—,—,—,—,—,—
3573,NP GR 10Y avg,0.0,0.0,0.0,0.0,0.0,0.0,0.0,0.0,0.0,0.0,0.0
3573,EPS GR,-41.90,—,—,—,—,—,—,—,-97.67,—,—
3573,EPS GR 3Y avg,—,—,—,—,—,—,—,—,27.33,84.88,—
3573,EPS GR 5Y avg,—,—,—,—,—,—,—,—,—,—,—
3573,EPS GR 10Y avg,—,—,—,—,—,—,—,—,—,—,—
3573,OCF GR,—,—,—,—,—,—,—,790.89,—,—,—
3573,FCF GR,—,—,—,—,—,—,—,—,—,—,—
3573,D/E,0.12,0.12,0.06,0.07,0.07,0.08,0.18,0.18,0.11,0.18,0.15
3573,Price,0.4550,0.2600,0.2400,0.3000,0.3350,0.2500,0.2450,0.3200,0.3100,0.3200,0.3000
3611,Year End,TTM,2020-03,2019-03,2018-03,2017-03,2016-03,2013-12,2012-12,2011-12,2010-12,2009-12
3611,Revenue,29,74,53,20,37,53,47,46,44,41,34
3611,NP,-7,2,-3,-1,2,—,5,-3,1,-5,-36
3611,EPS,-0.04,0.01,-0.02,—,0.01,—,0.03,-0.01,—,-0.03,-0.41
3611,DPS,—,—,—,—,—,0.15,—,—,—,—,—
3611,Div Payout,—,—,—,—,—,—,—,—,—,—,—
3611,Shares,187,187,196,203,204,206,195,194,190,155,87
3611,BVPS,1.27,1.30,1.29,1.30,1.29,1.30,—,—,—,—,—
3611,OCF,20,-18,-92,-13,14,6,7,2,1,—,—
3611,FCF,20,-18,-93,-13,14,5,6,—,-1,-2,—
3611,NP Margin,-22.96,2.38,-5.68,-4.21,4.33,0.52,10.66,-6.41,1.45,-11.83,-105.82
3611,ROE,-2.77,0.74,-1.25,-0.34,0.67,0.11,2.61,-1.56,0.33,-3.09,-25.74
3611,Revenue GR,-71.33,40.13,169.62,-47.44,-29.58,5.89,1.23,5.35,7.49,—,—
3611,Revenue GR 3Y avg,—,25.69,-0.07,-18.42,-4.82,4.64,4.66,10.81,-0.62,—,—
3611,Revenue GR 5Y avg,—,7.70,2.25,-12.02,-1.36,7.44,0.91,0.92,0.26,—,—
3611,Revenue GR 10Y avg,—,4.63,1.66,-6.76,—,—,—,—,—,—,—
3611,NP GR,—,3.03,—,—,—,-17.78,—,—,—,—,—
3611,NP GR 3Y avg,—,-15.24,—,—,—,—,—,—,—,—,—
3611,NP GR 5Y avg,—,—,—,—,—,—,—,—,—,—,—
3611,NP GR 10Y avg,0.0,0.0,0.0,0.0,0.0,0.0,0.0,0.0,0.0,0.0,0.0
3611,EPS GR,-24.47,—,—,—,507.69,-73.33,—,—,—,—,—
3611,EPS GR 3Y avg,—,6.34,—,—,—,-19.67,—,—,—,—,—
3611,EPS GR 5Y avg,—,-14.56,—,—,—,—,—,—,—,—,—
3611,EPS GR 10Y avg,—,—,—,—,—,—,—,—,—,—,—
3611,OCF GR,—,—,—,—,141.24,-9.22,342.24,228.48,—,—,—
3611,FCF GR,—,—,—,—,158.58,-4.00,—,—,—,—,—
3611,D/E,0.07,0.11,0.20,—,—,—,—,—,—,—,—
3611,Price,1.1900,1.1900,0.7750,1.0000,1.3500,1.3900,1.4000,1.5300,1.4000,1.2000,1.1000
3794,Year End,TTM,2018-12,2017-12,2016-12,2015-12,2014-12,2013-12,2012-12,2011-12,2010-12,2009-12
3794,Revenue,"2,024","2,122","2,249","2,552","2,751","2,743","2,852","2,740","2,553","2,325","2,483"
3794,NP,-190,-319,-215,77,251,256,367,349,318,291,406
3794,EPS,-0.22,-0.38,-0.25,0.09,0.29,0.30,0.43,0.41,0.37,0.35,0.49
3794,DPS,—,—,—,0.12,0.32,0.43,0.37,0.34,0.34,0.47,0.30
3794,Div Payout,—,—,—,—,—,—,—,—,—,—,—
3794,Shares,850,850,850,850,850,850,850,850,850,850,850
3794,BVPS,2.44,—,—,—,—,—,—,—,—,—,—
3794,OCF,164,-185,-70,292,383,461,454,455,425,496,693
3794,FCF,5,-333,-248,45,167,358,400,405,358,442,633
3794,NP Margin,-9.40,-15.05,-9.57,3.00,9.12,9.33,12.85,12.74,12.45,12.70,16.60
3794,ROE,-7.60,-11.84,-7.28,2.49,8.08,8.08,11.49,11.12,10.26,9.41,13.24
3794,Revenue GR,-19.55,-5.63,-11.89,-7.22,0.28,-3.83,4.10,7.35,9.79,—,—
3794,Revenue GR 3Y avg,—,-8.28,-6.41,-3.64,0.13,2.43,7.05,3.34,0.29,—,—
3794,Revenue GR 5Y avg,—,-5.74,-3.87,—,3.42,2.01,2.42,4.74,4.20,—,—
3794,Revenue GR 10Y avg,—,-1.74,0.34,2.08,3.95,—,—,—,—,—,—
3794,NP GR,—,—,—,-40.64,-10.40,-6.94,7.99,-4.93,-4.81,—,—
3794,NP GR 3Y avg,—,—,—,-24.74,-2.92,-8.82,-0.09,4.20,12.87,—,—
3794,NP GR 5Y avg,—,—,—,-7.84,23.14,—,—,—,—,—,—
3794,NP GR 10Y avg,0.0,0.0,0.0,0.0,0.0,0.0,0.0,0.0,0.0,0.0,0.0
3794,EPS GR,-109.77,—,—,-69.47,-1.96,-30.17,5.06,9.78,7.62,—,—
3794,EPS GR 3Y avg,—,—,—,-40.65,-10.40,-6.96,7.47,-5.40,-4.73,—,—
3794,EPS GR 5Y avg,—,—,—,-24.76,-3.20,-9.09,-0.06,3.93,12.75,—,—
3794,EPS GR 10Y avg,—,—,—,-7.90,24.01,—,—,—,—,—,—
3794,OCF GR,—,—,—,-23.77,-16.81,1.50,-0.24,7.09,-14.30,—,—
3794,FCF GR,—,—,—,-73.25,-53.46,-10.57,-1.14,13.26,-19.08,—,—
3794,D/E,0.23,0.11,0.10,—,—,—,—,—,—,0.04,0.07
3794,Price,2.6000,2.4000,3.6200,1.8100,6.2000,7.1900,8.8800,9.7600,8.5700,9.6200,7.0000
3891,Year End,TTM,2020-06,2019-06,2018-06,2017-06,2014-12,2013-12,2012-12,2011-12,2010-12,2009-12
3891,Revenue,168,298,392,406,414,467,663,656,922,927,908
3891,NP,-91,-194,-103,-56,-130,-2,6,32,16,36,3
3891,EPS,-0.03,-0.07,-0.04,-0.02,-0.04,—,—,0.01,0.01,0.01,—
3891,DPS,—,—,—,—,—,—,—,—,—,—,—
3891,Div Payout,—,—,—,—,—,—,—,—,—,—,—
3891,Shares,"2,933","2,933","2,933","2,933","2,933","2,933","2,933","2,118","2,933","2,924","2,828"
3891,BVPS,0.05,0.08,0.16,0.18,0.25,—,—,—,—,—,—
3891,OCF,6,22,32,32,38,33,51,43,91,87,—
3891,FCF,—,11,16,18,27,8,37,25,82,68,—
3891,NP Margin,-54.26,-65.29,-26.12,-13.82,-31.48,-0.37,0.95,4.80,1.72,3.86,0.37
3891,ROE,-50.17,-68.46,-22.61,-9.75,-19.62,-0.22,0.84,4.41,2.31,5.23,0.49
3891,Revenue GR,-39.08,-24.20,-3.15,-2.03,-4.74,-29.54,1.06,-28.84,-0.53,—,—
3891,Revenue GR 3Y avg,—,-10.40,-3.79,-10.36,-9.74,-20.27,-10.57,-10.25,-1.08,—,—
3891,Revenue GR 5Y avg,—,-11.59,-7.59,-11.87,-11.66,-12.44,-6.99,-2.98,8.03,—,—
3891,Revenue GR 10Y avg,—,-9.62,-5.61,-3.71,—,—,—,—,—,—,—
3891,NP GR,—,—,—,—,—,—,-43.99,110.34,—,—,—
3891,NP GR 3Y avg,—,—,—,—,—,—,—,24.95,—,—,—
3891,NP GR 5Y avg,—,—,—,—,—,—,—,—,—,—,—
3891,NP GR 10Y avg,0.0,0.0,0.0,0.0,0.0,0.0,0.0,0.0,0.0,0.0,0.0
3891,EPS GR,-64.83,—,—,—,—,—,-85.91,175.93,-55.74,—,—
3891,EPS GR 3Y avg,—,—,—,—,—,—,-44.37,131.56,—,—,—
3891,EPS GR 5Y avg,—,—,—,—,—,—,—,32.13,—,—,—
3891,EPS GR 10Y avg,—,—,—,—,—,—,—,—,—,—,—
3891,OCF GR,—,-31.51,0.51,-15.58,5.87,-35.30,19.01,-52.37,3.64,—,—
3891,FCF GR,—,-30.01,-11.51,-33.04,63.74,-79.11,48.60,-69.18,20.01,—,—
3891,D/E,5.89,3.64,0.75,1.37,1.29,0.85,0.80,0.91,1.04,0.96,1.09
3891,Price,0.0900,0.1500,0.2250,0.1750,0.1850,0.1650,0.3000,0.2050,0.2000,0.2300,0.2000
3905,Year End,TTM,2020-12,2019-12,2018-12,2017-12,2016-12,2015-12,2014-12,2013-12,2012-12,2011-12
3905,Revenue,679,617,850,785,"1,170","1,277",889,959,784,540,637
3905,NP,-22,-58,-212,236,369,17,165,124,-32,-475,176
3905,EPS,-0.07,-0.18,-0.66,0.74,1.15,0.06,0.77,0.58,-0.14,-2.08,0.77
3905,DPS,—,—,—,—,—,—,—,—,—,—,—
3905,Div Payout,—,—,—,—,—,—,—,—,—,—,—
3905,Shares,319,319,319,319,319,267,214,213,216,228,233
3905,BVPS,9.78,8.84,8.68,10.22,10.04,8.78,11.59,10.74,10.68,11.32,11.97
3905,OCF,215,198,135,-77,358,3,-10,-99,24,-46,-167
3905,FCF,87,83,-73,-356,292,-155,-49,-210,-31,-80,-340
3905,NP Margin,-3.25,-9.45,-24.93,30.03,31.57,1.32,18.58,12.95,-4.12,-87.91,28.06
3905,ROE,-0.76,-2.00,-6.92,7.17,11.74,0.61,6.70,5.35,-1.35,-17.29,6.14
3905,Revenue GR,38.46,-27.37,8.29,-32.92,-8.34,43.65,-7.31,22.33,45.05,-15.24,-19.77
3905,Revenue GR 3Y avg,—,-19.19,-12.68,-4.05,6.87,17.66,18.04,14.57,-0.45,-7.01,-14.16
3905,Revenue GR 5Y avg,—,-7.03,-2.38,0.03,16.71,14.90,2.27,7.37,-4.90,-11.38,-5.52
3905,Revenue GR 10Y avg,—,-2.49,2.38,-2.47,1.70,4.19,-3.22,—,—,—,—
3905,NP GR,—,—,—,12.59,43.82,—,—,-11.00,—,—,—
3905,NP GR 3Y avg,—,—,—,—,—,-37.50,7.75,64.00,—,—,24.73
3905,NP GR 5Y avg,—,—,—,—,11.92,-11.70,-5.83,—,—,—,—
3905,NP GR 10Y avg,0.0,0.0,0.0,0.0,0.0,0.0,0.0,0.0,0.0,0.0,0.0
3905,EPS GR,-341.14,—,—,-36.18,—,-91.86,32.99,—,—,—,43.18
3905,EPS GR 3Y avg,—,—,—,-1.58,25.70,—,—,-8.75,—,—,—
3905,EPS GR 5Y avg,—,—,—,—,—,-39.32,7.67,—,—,—,10.83
3905,EPS GR 10Y avg,—,—,—,—,1.75,-17.99,-10.55,—,—,—,—
3905,OCF GR,—,46.94,—,—,—,—,—,—,—,—,—
3905,FCF GR,—,—,—,—,—,—,—,—,—,—,—
3905,D/E,0.33,0.17,0.24,0.43,0.40,0.75,0.36,0.34,0.36,0.32,0.07
3905,Price,1.5400,1.3400,1.8900,1.7500,2.5900,0.2250,0.2600,0.3700,0.4100,0.3900,0.4000
3913,Year End,TTM,2020-06,2019-06,2018-06,2017-06,2014-12,2013-12,2012-12,2011-12,2010-12,2009-12
3913,Revenue,76,77,57,40,39,31,48,38,37,26,18
3913,NP,14,13,17,3,1,-14,5,1,—,—,7
3913,EPS,0.02,0.02,0.02,—,—,-0.02,0.01,—,—,—,0.01
3913,DPS,—,—,—,—,—,—,—,0.01,—,0.01,—
3913,Div Payout,—,—,—,—,—,—,—,—,—,—,—
3913,Shares,741,741,741,741,741,741,741,741,741,741,741
3913,BVPS,0.39,0.37,0.35,0.33,0.35,—,—,—,—,—,—
3913,OCF,-10,34,-11,-4,12,9,8,—,-1,3,—
3913,FCF,-10,34,-11,-5,11,9,8,—,-1,3,—
3913,NP Margin,18.97,16.59,29.73,6.73,1.86,-46.34,9.72,1.31,1.18,0.74,38.67
3913,ROE,5.05,4.59,6.53,1.06,0.28,-5.97,1.90,0.20,0.18,0.07,2.37
3913,Revenue GR,93.44,33.43,42.55,4.42,9.05,-35.43,25.98,2.04,44.33,—,—
3913,Revenue GR 3Y avg,—,25.70,14.63,-3.87,0.22,-6.02,22.88,29.65,7.26,—,—
3913,Revenue GR 5Y avg,—,7.42,6.48,1.13,6.30,12.13,9.67,11.34,4.82,—,—
3913,Revenue GR 10Y avg,—,8.39,8.56,2.72,—,—,—,—,—,—,—
3913,NP GR,—,160.84,—,-11.42,8.25,—,189.42,-58.02,—,—,—
3913,NP GR 3Y avg,—,16.64,72.08,32.23,22.37,—,—,-31.29,5.72,—,—
3913,NP GR 5Y avg,—,—,15.43,19.97,—,—,—,—,—,—,—
3913,NP GR 10Y avg,0.0,0.0,0.0,0.0,0.0,0.0,0.0,0.0,0.0,0.0,0.0
3913,EPS GR,900.00,-25.54,524.32,270.00,—,—,800.00,16.67,100.00,—,—
3913,EPS GR 3Y avg,—,158.13,—,-11.16,8.25,—,175.89,-57.63,—,—,—
3913,EPS GR 5Y avg,—,16.71,71.26,32.29,20.34,—,—,-30.76,3.71,—,—
3913,EPS GR 10Y avg,—,—,15.50,19.00,—,—,—,—,—,—,—
3913,OCF GR,—,—,—,—,9.16,12.74,—,—,—,—,—
3913,FCF GR,—,—,—,—,9.44,13.76,—,—,—,—,—
3913,D/E,—,—,—,—,—,—,—,—,—,—,—
3913,Price,0.2150,0.1750,0.2050,0.2600,0.2900,0.3150,0.3200,0.1750,0.1400,0.1300,0.1500
4022,Year End,TTM,2020-12,2019-12,2018-12,2017-12,2016-12,2015-12,2014-12,2013-12,2012-12,2011-12
4022,Revenue,417,390,279,172,100,42,13,23,17,—,1
4022,NP,-88,-83,25,5,-34,-14,68,-16,-47,-33,-12
4022,EPS,-0.11,-0.10,0.03,0.01,-0.06,-0.03,0.14,-0.03,-0.12,-0.10,-0.04
4022,DPS,—,—,—,—,—,—,—,—,—,—,—
4022,Div Payout,—,—,—,—,—,—,—,—,—,—,—
4022,Shares,"1,253",859,783,700,519,470,470,461,410,349,307
4022,BVPS,0.35,0.36,0.49,0.47,0.55,0.52,0.54,0.35,0.45,0.54,0.82
4022,OCF,-132,-87,89,-32,-48,7,-58,4,-20,-20,-10
4022,FCF,-137,-93,85,-37,-56,6,-60,-3,-20,-24,-16
4022,NP Margin,-21.15,-21.22,8.95,3.14,-33.72,-32.50,512.37,-69.66,-285.87,—,—
4022,ROE,-20.74,-20.07,6.52,1.62,-12.37,-5.35,29.28,-8.42,-23.96,-14.04,-4.65
4022,Revenue GR,25.09,39.57,62.44,72.19,135.78,221.44,-41.66,36.80,3229.23,-1.78,-97.95
4022,Revenue GR 3Y avg,—,57.46,87.53,135.44,64.13,36.89,198.40,254.98,-12.42,-79.84,-79.93
4022,Revenue GR 5Y avg,—,96.89,65.37,59.78,188.94,142.51,-11.72,-17.90,-23.35,-62.48,-60.88
4022,Revenue GR 10Y avg,—,31.84,16.52,10.66,4.11,-2.60,—,—,—,—,—
4022,NP GR,—,—,—,-56.94,—,—,—,—,—,—,—
4022,NP GR 3Y avg,—,—,—,—,—,—,—,—,—,—,—
4022,NP GR 5Y avg,—,—,—,—,—,—,—,—,—,—,—
4022,NP GR 10Y avg,0.0,0.0,0.0,0.0,0.0,0.0,0.0,0.0,0.0,0.0,0.0
4022,EPS GR,-60.00,—,314.29,—,—,—,—,—,—,—,—
4022,EPS GR 3Y avg,—,—,—,-61.74,—,—,—,—,—,—,—
4022,EPS GR 5Y avg,—,—,—,—,—,—,—,—,—,—,—
4022,EPS GR 10Y avg,—,—,—,—,—,—,—,—,—,—,—
4022,OCF GR,—,—,—,—,—,—,—,—,—,—,—
4022,FCF GR,—,—,—,—,—,—,—,—,—,—,—
4022,D/E,0.21,0.08,0.06,0.18,0.13,0.07,—,—,0.77,0.83,0.80
4022,Price,0.2850,0.3400,0.3000,0.2000,0.3000,0.3850,0.3200,0.3350,0.3700,0.3100,0.8000
4057,Year End,TTM,2020-03,2019-03,2018-03,2017-03,2016-03,2015-03,2014-03,2013-03,2012-03,2011-03
4057,Revenue,118,178,144,192,268,155,230,284,103,89,36
4057,NP,48,48,53,44,9,74,377,39,18,16,11
4057,EPS,0.03,0.03,0.04,0.03,—,0.07,0.38,0.04,0.01,0.02,0.01
4057,DPS,—,—,—,—,—,—,—,—,—,—,—
4057,Div Payout,—,—,—,—,—,0.8,—,—,—,—,—
4057,Shares,"1,488","1,489","1,488","1,474",993,994,998,975,975,975,975
4057,BVPS,1.07,1.03,0.97,0.93,0.87,0.81,0.40,0.37,0.33,0.33,—
4057,OCF,121,80,7,5,56,-15,129,57,15,33,-5
4057,FCF,120,78,6,2,56,-19,125,57,14,33,-18
4057,NP Margin,40.35,27.11,36.48,23.11,3.29,47.53,163.54,13.56,17.08,17.72,30.96
4057,ROE,4.38,4.51,5.17,4.79,1.02,8.90,64.32,10.69,5.30,4.95,3.72
4057,Revenue GR,-37.29,23.38,-24.81,-28.42,73.22,-32.73,-18.97,175.28,16.51,143.08,—
4057,Revenue GR 3Y avg,—,-12.76,-2.31,-5.87,-1.90,14.48,37.48,98.29,0.52,2.04,—
4057,Revenue GR 5Y avg,—,-5.00,-12.66,13.22,24.81,33.56,17.77,27.79,-14.71,-23.25,—
4057,Revenue GR 10Y avg,—,5.77,5.64,-1.73,-2.13,-4.83,—,—,—,—,—
4057,NP GR,—,76.28,-10.56,-50.97,-38.84,61.05,188.38,50.60,-4.59,139.57,—
4057,NP GR 3Y avg,—,-33.68,6.45,20.29,-10.90,45.52,79.34,102.14,-9.27,-9.08,—
4057,NP GR 5Y avg,—,9.06,46.69,4.47,-9.99,10.71,—,—,—,—,—
4057,NP GR 10Y avg,0.0,0.0,0.0,0.0,0.0,0.0,0.0,0.0,0.0,0.0,0.0
4057,EPS GR,297.30,-8.57,16.67,233.33,-87.84,-80.42,845.00,122.22,12.50,33.33,—
4057,EPS GR 3Y avg,—,52.63,-22.09,-57.03,-39.18,60.20,186.94,49.38,-5.01,151.98,—
4057,EPS GR 5Y avg,—,-38.97,-2.64,10.76,-10.87,43.88,78.26,109.13,-9.28,-7.00,—
4057,EPS GR 10Y avg,—,4.30,42.69,0.24,-8.96,9.34,—,—,—,—,—
4057,OCF GR,—,—,58.49,-91.90,—,—,127.11,281.80,-55.36,—,—
4057,FCF GR,—,—,227.33,-96.76,—,—,120.25,305.69,-57.36,—,—
4057,D/E,0.31,0.36,0.20,0.26,0.32,0.31,0.31,0.45,0.70,0.82,0.23
4057,Price,0.1800,0.1800,0.0850,0.1250,0.1500,0.1900,0.1900,0.2300,0.2000,0.1100,0.1100
4219,Year End,TTM,2020-06,2018-04,2017-04,2016-04,2015-04,2014-04,2013-04,2012-04,2011-04,2010-04
4219,Revenue,"4,698","5,160","6,361","6,371","6,284","5,915","5,021","4,247","4,196","4,057","4,049"
4219,NP,-264,-65,-190,295,-271,-383,105,33,67,282,310
4219,EPS,-0.05,-0.01,-0.03,0.06,-0.05,-0.08,0.02,0.01,0.01,0.02,0.02
4219,DPS,—,—,—,—,—,0.01,0.01,0.01,0.01,0.02,0.03
4219,Div Payout,—,—,—,—,—,—,—,—,—,—,—
4219,Shares,"4,924","4,975","4,989","4,989","4,989","4,986","4,976","4,976","4,976","4,976","4,999"
4219,BVPS,0.80,0.87,—,—,—,—,—,—,—,—,—
4219,OCF,—,—,—,—,—,—,—,—,—,—,—
4219,FCF,169,-121,391,-127,762,-66,70,240,327,425,—
4219,NP Margin,-5.62,-1.26,-2.99,4.63,-4.31,-6.47,2.08,0.78,1.60,2.17,2.77
4219,ROE,-6.43,-1.58,-4.32,6.35,-5.59,-7.45,1.99,0.64,1.31,1.71,2.20
4219,Revenue GR,-18.51,-9.19,-0.16,1.39,6.24,17.80,18.24,1.22,3.43,—,—
4219,Revenue GR 3Y avg,—,-4.61,2.45,8.26,13.95,12.13,7.37,1.60,0.36,—,—
4219,Revenue GR 5Y avg,—,0.44,8.42,8.71,9.15,7.88,3.88,22.88,50.78,—,—
4219,Revenue GR 10Y avg,—,1.97,15.42,28.03,27.32,24.35,—,—,—,—,—
4219,NP GR,—,—,—,41.23,—,—,-28.14,-52.58,-12.55,—,—
4219,NP GR 3Y avg,—,—,—,34.44,—,—,0.84,-50.49,20.72,—,—
4219,NP GR 5Y avg,—,—,—,27.40,—,—,—,—,—,—,—
4219,NP GR 10Y avg,0.0,0.0,0.0,0.0,0.0,0.0,0.0,0.0,0.0,0.0,0.0
4219,EPS GR,-135.64,—,—,—,—,—,218.18,-51.11,-23.73,—,—
4219,EPS GR 3Y avg,—,—,—,41.19,—,—,5.86,-47.24,—,—,—
4219,EPS GR 5Y avg,—,—,—,34.35,—,—,—,-57.83,-6.85,—,—
4219,EPS GR 10Y avg,—,—,—,11.87,—,—,—,—,—,—,—
4219,OCF GR,—,-77.62,—,-99.73,298.83,60.59,-55.70,-17.32,-29.96,—,—
4219,FCF GR,—,—,—,—,—,—,-70.85,-26.50,-23.07,—,—
4219,D/E,0.76,0.81,0.44,0.39,0.60,0.66,0.49,0.26,—,0.11,0.14
4219,Price,0.4050,0.1700,0.1850,0.2850,0.3200,0.5300,0.7000,0.7400,0.8300,0.8200,0.8400
4235,Year End,TTM,2020-06,2019-06,2018-06,2017-06,2016-06,2015-06,2014-06,2013-06,2012-06,2011-06
4235,Revenue,"2,636","2,318","3,164","3,295","2,667","2,515","2,782","4,482","4,748","5,544","4,949"
4235,NP,-50,-391,-157,173,105,-796,-255,-506,-34,-38,282
4235,EPS,-0.07,-0.57,-0.23,0.25,0.15,-1.14,-0.36,-0.71,-0.05,-0.05,0.32
4235,DPS,—,—,—,—,—,—,—,0.01,0.01,0.04,0.01
4235,Div Payout,—,—,—,—,—,—,—,—,—,5.8,—
4235,Shares,681,681,681,685,685,702,716,717,718,718,717
4235,BVPS,2.00,2.06,2.60,2.69,2.51,3.27,3.52,4.28,4.45,4.42,—
4235,OCF,9,16,-4,65,211,126,122,117,126,-237,-121
4235,FCF,-80,-3,-32,56,190,114,93,51,69,-326,-130
4235,NP Margin,-1.90,-16.84,-4.97,5.24,3.95,-31.67,-9.16,-11.29,-0.73,-0.69,4.69
4235,ROE,-3.62,-26.70,-8.93,9.70,6.37,-40.06,-10.14,-17.45,-1.09,-1.18,7.37
4235,Revenue GR,40.27,-26.72,-3.98,23.52,6.07,-9.61,-37.93,-5.60,-14.35,12.02,—
4235,Revenue GR 3Y avg,—,-4.57,7.95,5.80,-15.89,-19.09,-20.53,-3.25,-2.08,7.85,—
4235,Revenue GR 5Y avg,—,-3.58,-6.73,-7.05,-13.61,-12.66,-11.27,0.28,-7.31,4.05,—
4235,Revenue GR 10Y avg,—,-7.50,-3.29,-7.18,-5.19,-2.45,—,—,—,—,—
4235,NP GR,—,—,—,—,—,—,—,—,—,—,—
4235,NP GR 3Y avg,—,—,—,—,—,—,—,—,—,—,—
4235,NP GR 5Y avg,—,—,—,-14.66,-6.21,—,—,—,—,—,—
4235,NP GR 10Y avg,0.0,0.0,0.0,0.0,0.0,0.0,0.0,0.0,0.0,0.0,0.0
4235,EPS GR,-83.29,—,—,65.00,—,—,—,—,—,—,—
4235,EPS GR 3Y avg,—,—,—,—,—,—,—,—,—,—,—
4235,EPS GR 5Y avg,—,—,—,—,—,—,—,—,—,—,—
4235,EPS GR 10Y avg,—,—,—,-14.29,-6.61,—,—,—,—,—,—
4235,OCF GR,—,—,—,-69.03,67.41,3.20,4.14,-6.86,—,—,—
4235,FCF GR,—,—,—,-70.58,66.27,22.27,83.32,-25.99,—,—,—
4235,D/E,0.06,0.05,0.02,0.02,0.01,0.06,0.06,0.10,0.11,0.13,0.17
4235,Price,0.7250,0.2900,0.5300,0.8600,1.2000,0.3200,0.3500,0.6400,0.9800,1.2200,1.8800
4286,Year End,TTM,2020-06,2019-06,2018-06,2017-06,2016-06,2015-06,2014-06,2013-06,2012-06,2011-06
4286,Revenue,24,39,100,136,83,72,29,287,183,123,52
4286,NP,9,16,20,15,-9,4,-6,59,20,18,7
4286,EPS,0.04,0.07,0.08,0.06,-0.04,0.02,-0.03,0.28,0.09,0.09,0.04
4286,DPS,—,—,—,—,—,—,—,—,—,—,—
4286,Div Payout,—,—,—,—,—,—,—,—,—,—,—
4286,Shares,237,237,237,237,227,216,216,216,216,198,181
4286,BVPS,1.26,1.22,1.19,1.12,1.12,1.12,1.14,1.16,0.84,0.69,—
4286,OCF,-4,14,-30,32,-21,-27,-60,42,-3,14,20
4286,FCF,-4,14,-30,32,-21,-27,-60,42,-3,6,15
4286,NP Margin,38.20,41.66,19.76,10.96,-10.86,5.02,-18.92,20.69,10.68,14.46,13.38
4286,ROE,3.09,5.45,7.15,5.72,-3.66,1.50,-2.29,27.74,11.26,11.71,5.29
4286,Revenue GR,-15.44,-61.51,-26.07,62.98,16.05,145.57,-89.83,56.62,49.41,136.74,—
4286,Revenue GR 3Y avg,—,-22.60,11.82,66.85,-33.83,-26.87,-38.03,76.94,66.22,47.06,—
4286,Revenue GR 5Y avg,—,5.73,-18.98,-5.85,-7.48,6.70,-6.07,49.40,36.28,19.68,—
4286,Revenue GR 10Y avg,—,-0.34,10.02,13.27,5.23,17.63,—,—,—,—,—
4286,NP GR,—,—,76.59,—,—,-43.16,—,104.63,41.17,22.93,—
4286,NP GR 3Y avg,—,—,-19.72,-5.38,—,-12.30,—,44.13,—,161.97,—
4286,NP GR 5Y avg,—,8.73,7.57,—,—,—,—,—,—,—,—
4286,NP GR 10Y avg,0.0,0.0,0.0,0.0,0.0,0.0,0.0,0.0,0.0,0.0,0.0
4286,EPS GR,-10.71,-18.80,33.17,—,—,—,—,203.42,1.00,133.85,—
4286,EPS GR 3Y avg,—,—,71.00,—,—,-43.11,—,92.80,32.60,19.22,—
4286,EPS GR 5Y avg,—,—,-21.22,-7.12,—,-15.34,—,39.02,—,157.06,—
4286,EPS GR 10Y avg,—,5.71,4.65,—,—,—,—,—,—,—,—
4286,OCF GR,—,—,—,—,—,—,—,—,—,-33.18,—
4286,FCF GR,—,—,—,—,—,—,—,—,—,-57.60,—
4286,D/E,0.20,0.20,0.16,0.09,0.10,0.10,0.15,—,0.01,0.01,—
4286,Price,0.3300,0.3050,0.3050,0.4150,0.5250,0.4450,0.5600,1.2900,0.5150,0.4900,0.4700
4316,Year End,TTM,2020-12,2019-12,2018-12,2017-12,2016-12,2015-12,2014-12,2013-12,2012-12,2011-12
4316,Revenue,39,37,30,33,18,15,15,19,18,23,27
4316,NP,5,4,3,-6,-1,3,-6,-3,—,4,16
4316,EPS,0.04,0.03,0.02,-0.05,-0.01,0.02,-0.05,-0.03,—,0.03,0.14
4316,DPS,—,—,—,—,—,—,—,—,—,—,—
4316,Div Payout,—,—,—,—,—,—,—,—,—,—,—
4316,Shares,132,132,132,125,118,115,115,115,118,118,112
4316,BVPS,0.36,0.63,0.56,0.63,0.67,0.68,0.67,0.73,0.70,0.75,0.60
4316,OCF,13,10,2,6,10,4,3,-1,-10,7,-2
4316,FCF,7,6,-1,-3,9,3,1,-4,-18,2,-4
4316,NP Margin,12.46,11.33,10.02,-19.25,-5.17,17.52,-37.40,-17.89,2.64,15.57,60.39
4316,ROE,5.69,5.04,3.82,-7.83,-1.16,3.34,-6.95,-4.12,0.56,4.34,21.86
4316,Revenue GR,16.97,21.89,-6.32,80.29,21.14,0.77,-22.26,8.31,-24.45,-14.39,-54.28
4316,Revenue GR 3Y avg,—,27.22,26.95,30.08,-1.73,-5.33,-14.00,-11.19,-33.37,-28.17,-22.56
4316,Revenue GR 5Y avg,—,20.24,9.90,13.13,-4.93,-11.31,-24.27,-21.23,-21.38,-14.75,-5.27
4316,Revenue GR 10Y avg,—,-4.58,-6.96,-5.69,-9.97,-8.34,—,—,—,—,—
4316,NP GR,—,—,5.38,—,—,78.01,—,—,-47.99,28.51,—
4316,NP GR 3Y avg,—,—,—,—,—,-30.75,—,—,—,16.35,—
4316,NP GR 5Y avg,—,2.50,6.01,—,—,—,—,—,—,—,—
4316,NP GR 10Y avg,0.0,0.0,0.0,0.0,0.0,0.0,0.0,0.0,0.0,0.0,0.0
4316,EPS GR,55.42,37.50,—,—,—,—,—,—,-86.17,-80.79,397.63
4316,EPS GR 3Y avg,—,—,0.73,—,—,79.88,—,—,-49.06,22.61,—
4316,EPS GR 5Y avg,—,—,—,—,—,-31.16,—,—,—,9.03,—
4316,EPS GR 10Y avg,—,0.79,4.25,—,—,—,—,—,—,—,—
4316,OCF GR,—,366.21,-61.89,-39.89,162.55,27.22,—,—,—,—,—
4316,FCF GR,—,—,—,—,218.57,110.47,—,—,—,—,—
4316,D/E,1.10,1.08,0.72,0.86,0.86,0.38,0.42,0.40,0.39,0.36,0.32
4316,Price,0.6450,0.4650,0.3800,0.4450,0.6000,0.5500,0.6000,0.7600,0.8800,0.8900,0.5600
4359,Year End,TTM,2020-03,2019-03,2018-03,2017-03,2016-03,2015-03,2014-03,2013-03,2012-03,2011-03
4359,Revenue,18,18,20,19,19,22,27,32,39,36,40
4359,NP,1,—,-2,-3,-1,2,1,-27,-16,-16,—
4359,EPS,—,—,-0.01,-0.01,-0.01,0.01,0.01,-0.12,-0.07,-0.09,—
4359,DPS,—,—,—,—,—,—,—,—,—,—,—
4359,Div Payout,—,—,—,—,—,—,—,—,—,—,—
4359,Shares,—,229,229,229,229,229,229,229,229,229,229
4359,BVPS,0.53,0.53,0.53,0.55,0.56,0.57,0.56,0.65,0.77,0.78,—
4359,OCF,5,—,2,—,4,7,4,—,-3,-8,-3
4359,FCF,5,—,2,—,4,7,4,—,-3,-9,-3
4359,NP Margin,5.75,2.49,-7.90,-13.62,-7.54,8.79,4.59,-84.07,-39.65,-43.32,-0.39
4359,ROE,0.87,0.38,-1.30,-2.11,-1.14,1.50,0.98,-19.50,-9.62,-8.99,-0.09
4359,Revenue GR,11.11,-8.86,3.41,0.78,-11.67,-18.82,-16.76,-17.93,9.11,-9.69,—
4359,Revenue GR 3Y avg,—,-1.70,-2.72,-10.26,-15.80,-17.84,-9.33,-6.84,-5.28,-11.00,—
4359,Revenue GR 5Y avg,—,-7.39,-9.06,-13.17,-11.78,-11.38,-10.31,-8.79,-7.51,-14.39,—
4359,Revenue GR 10Y avg,—,-8.86,-8.92,-10.38,-13.09,-11.55,—,—,—,—,—
4359,NP GR,—,—,—,—,—,—,—,—,—,—,—
4359,NP GR 3Y avg,—,-18.05,—,—,—,—,-45.78,—,—,—,—
4359,NP GR 5Y avg,—,-33.34,—,—,—,-0.73,—,—,—,—,—
4359,NP GR 10Y avg,0.0,0.0,0.0,0.0,0.0,0.0,0.0,0.0,0.0,0.0,0.0
4359,EPS GR,—,—,—,—,—,55.56,—,—,—,—,—
4359,EPS GR 3Y avg,—,—,—,—,—,—,—,—,—,—,—
4359,EPS GR 5Y avg,—,-18.02,—,—,—,—,-45.73,—,—,—,—
4359,EPS GR 10Y avg,—,-33.30,—,—,—,—,—,—,—,—,—
4359,OCF GR,—,—,—,-97.37,-40.49,63.44,—,—,—,—,—
4359,FCF GR,—,—,—,-98.61,-42.52,62.89,—,—,—,—,—
4359,D/E,0.31,0.29,0.32,0.33,0.29,0.33,0.37,0.40,0.35,0.34,0.34
4359,Price,0.3250,0.3250,0.0700,0.1500,0.1850,0.2000,0.1600,0.2300,0.2000,0.2000,0.4100
4375,Year End,TTM,2020-12,2019-12,2018-12,2017-12,2016-12,2015-12,2014-12,2013-12,2012-12,2011-12
4375,Revenue,53,51,68,70,64,71,73,65,78,109,110
4375,NP,-4,-4,-8,4,28,3,-4,-10,-16,-6,-6
4375,EPS,-0.02,-0.02,-0.04,0.02,0.13,0.01,-0.02,-0.05,-0.08,-0.03,-0.02
4375,DPS,—,—,—,—,—,—,—,—,—,—,—
4375,Div Payout,—,—,—,—,—,—,—,—,—,—,—
4375,Shares,210,210,210,210,210,210,210,210,210,210,210
4375,BVPS,0.73,0.74,0.82,0.81,0.83,0.70,0.70,0.72,0.76,0.79,0.84
4375,OCF,1,-4,6,-8,-2,-5,8,-3,-1,-2,-9
4375,FCF,—,-5,4,-9,-3,-9,7,-6,-2,-3,-11
4375,NP Margin,-7.90,-7.32,-11.33,6.09,44.32,4.17,-5.44,-14.83,-21.19,-5.82,-5.19
4375,ROE,-2.63,-2.33,-4.45,2.46,17.86,2.05,-2.71,-6.37,-10.28,-3.78,-3.28
4375,Revenue GR,12.42,-24.58,-3.89,10.01,-10.22,-1.64,12.24,-16.72,-28.86,-0.36,-36.43
4375,Revenue GR 3Y avg,—,-7.27,-1.72,-0.96,-0.29,-2.76,-12.72,-16.11,-23.33,-4.96,-14.66
4375,Revenue GR 5Y avg,—,-6.77,0.94,-1.91,-10.10,-8.21,-15.88,-12.65,-15.12,-11.84,-5.35
4375,Revenue GR 10Y avg,—,-11.44,-6.10,-8.75,-10.97,-6.79,—,—,—,—,—
4375,NP GR,—,—,—,—,—,—,—,—,—,—,—
4375,NP GR 3Y avg,—,—,—,—,—,—,—,—,—,—,—
4375,NP GR 5Y avg,—,—,—,-0.25,11.16,0.10,—,—,—,—,—
4375,NP GR 10Y avg,0.0,0.0,0.0,0.0,0.0,0.0,0.0,0.0,0.0,0.0,0.0
4375,EPS GR,63.89,—,—,-84.85,852.82,—,—,—,—,—,—
4375,EPS GR 3Y avg,—,—,—,—,—,—,—,—,—,—,—
4375,EPS GR 5Y avg,—,—,—,—,—,—,—,—,—,—,—
4375,EPS GR 10Y avg,—,—,—,-0.24,11.15,-2.18,—,—,—,—,—
4375,OCF GR,—,—,—,—,—,—,—,—,—,—,—
4375,FCF GR,—,—,—,—,—,—,—,—,—,—,—
4375,D/E,0.06,0.07,0.07,0.07,0.08,0.08,0.09,0.10,0.11,0.11,—
4375,Price,0.1950,0.1700,0.1500,0.1400,0.2000,0.1500,0.1600,0.1500,0.1800,0.1800,0.2000
4383,Year End,TTM,2020-06,2019-06,2018-06,2017-06,2016-06,2015-06,2014-06,2013-06,2011-04,2010-04
4383,Revenue,662,702,638,842,981,"1,023","1,032","1,033","1,054",871,746
4383,NP,-22,-72,-266,-28,12,54,32,53,21,151,24
4383,EPS,-0.02,-0.07,-0.27,-0.07,0.01,0.06,0.03,0.05,0.02,0.18,0.03
4383,DPS,—,—,0.01,0.01,0.01,0.01,0.01,0.01,0.05,0.01,—
4383,Div Payout,—,—,—,—,16.6,17.4,57.6,19.3,—,—,—
4383,Shares,968,968,968,968,968,968,968,968,969,841,841
4383,BVPS,1.16,1.17,1.27,1.85,1.93,1.87,1.81,1.80,—,—,—
4383,OCF,132,185,67,156,162,160,102,187,198,212,—
4383,FCF,119,161,13,76,19,1,-134,-1,39,57,—
4383,NP Margin,-3.33,-10.27,-41.72,-3.30,1.24,5.29,3.06,5.14,2.01,17.39,3.27
4383,ROE,-1.96,-6.32,-18.03,-1.55,0.67,3.02,1.80,3.07,1.36,12.88,2.23
4383,Revenue GR,5.07,10.06,-24.23,-14.19,-4.16,-0.86,-0.11,-1.97,—,—,—
4383,Revenue GR 3Y avg,—,-10.55,-14.58,-6.58,-1.72,-0.98,—,8.13,8.28,—,—
4383,Revenue GR 5Y avg,—,-7.42,-9.20,-4.40,—,5.25,5.17,4.37,3.45,—,—
4383,Revenue GR 10Y avg,—,-0.67,-1.94,-0.14,3.24,—,—,—,—,—,—
4383,NP GR,—,—,—,—,-38.89,36.84,—,20.55,10.61,—,—
4383,NP GR 3Y avg,—,—,—,—,—,13.81,14.28,0.33,-24.61,—,—
4383,NP GR 5Y avg,—,—,—,—,-10.20,—,—,—,—,—,—
4383,NP GR 10Y avg,0.0,0.0,0.0,0.0,0.0,0.0,0.0,0.0,0.0,0.0,0.0
4383,EPS GR,-41.35,—,—,—,-77.68,71.25,-40.44,151.83,—,—,—
4383,EPS GR 3Y avg,—,—,—,—,-38.94,36.95,—,16.55,6.90,—,—
4383,EPS GR 5Y avg,—,—,—,—,—,11.26,11.72,-2.24,-26.90,—,—
4383,EPS GR 10Y avg,—,—,—,—,-11.74,—,—,—,—,—,—
4383,OCF GR,—,174.51,-56.93,-3.49,1.12,56.56,-45.32,-5.86,—,—,—
4383,FCF GR,—,—,-82.66,290.08,—,—,—,—,—,—,—
4383,D/E,0.28,0.20,0.24,0.33,0.33,0.31,0.22,0.18,0.24,0.42,0.53
4383,Price,0.6800,0.4850,0.4850,0.6700,1.1800,1.1500,1.5100,2.6400,2.0000,2.9100,2.2200
4456,Year End,TTM,2019-12,2018-12,2017-12,2016-12,2015-12,2014-12,2013-12,2012-12,2011-12,2010-12
4456,Revenue,264,290,293,204,178,96,87,85,145,65,88
4456,NP,-18,30,35,57,134,11,12,-6,-8,87,8
4456,EPS,-0.01,0.02,0.02,0.03,0.10,0.01,0.02,-0.01,-0.01,0.11,0.01
4456,DPS,—,0.01,—,0.01,0.01,—,—,0.04,0.06,0.01,0.01
4456,Div Payout,—,—,—,—,—,—,—,—,—,—,—
4456,Shares,"1,758","1,759","1,772","1,771","1,164",807,807,807,807,807,807
4456,BVPS,0.23,—,—,—,—,—,—,—,—,—,—
4456,OCF,—,—,—,—,—,—,—,—,—,—,—
4456,FCF,-27,-1,18,-28,48,3,37,29,-85,-21,34
4456,NP Margin,-6.73,10.34,12.04,27.75,74.94,11.75,14.07,-6.96,-5.38,133.90,9.34
4456,ROE,-3.80,6.50,8.02,13.63,53.02,11.99,15.25,-6.74,-6.55,37.70,3.47
4456,Revenue GR,-48.38,-1.01,43.89,14.28,86.77,10.08,1.17,-40.66,121.29,-25.49,—
4456,Revenue GR 3Y avg,—,17.63,45.36,32.94,27.65,-12.90,9.93,-0.72,5.22,-24.37,—
4456,Revenue GR 5Y avg,—,27.33,27.88,7.12,22.26,1.73,-6.90,-10.69,-23.39,-31.14,—
4456,Revenue GR 10Y avg,—,8.88,6.87,-9.41,-8.25,—,—,—,—,—,—
4456,NP GR,—,-39.22,46.57,66.71,—,—,-48.12,—,—,—,—
4456,NP GR 3Y avg,—,19.72,—,—,8.86,6.51,-12.36,—,—,—,—
4456,NP GR 5Y avg,—,2.43,—,4.40,—,—,—,—,—,—,—
4456,NP GR 10Y avg,0.0,0.0,0.0,0.0,0.0,0.0,0.0,0.0,0.0,0.0,0.0
4456,EPS GR,-147.62,-14.57,-37.81,-72.15,725.34,-8.23,—,—,—,968.40,—
4456,EPS GR 3Y avg,—,-47.11,12.65,28.25,—,—,-48.07,—,—,—,—
4456,EPS GR 5Y avg,—,2.30,—,—,1.18,6.54,-12.31,—,—,—,—
4456,EPS GR 10Y avg,—,-5.28,—,-3.47,—,—,—,—,—,—,—
4456,OCF GR,—,-75.76,—,-94.77,159.35,-51.55,34.72,—,—,-85.68,—
4456,FCF GR,—,—,—,—,—,-92.90,24.81,—,—,—,—
4456,D/E,0.03,0.05,0.04,0.04,—,0.02,0.23,0.52,0.47,—,0.80
4456,Price,0.9100,0.2650,0.2300,0.4850,0.2550,0.2500,0.2550,0.2550,0.3000,0.2600,0.4500
4464,Year End,TTM,2020-12,2019-12,2018-12,2017-12,2016-12,2015-12,2014-12,2013-12,2012-12,2011-12
4464,Revenue,59,62,14,10,8,12,9,5,7,50,15
4464,NP,-9,-7,-14,-23,-4,10,1,-13,-2,-16,1
4464,EPS,—,—,—,-0.01,—,0.01,—,-0.01,—,-0.01,—
4464,DPS,—,—,—,—,—,—,—,—,—,—,—
4464,Div Payout,—,—,—,—,—,—,—,—,—,—,—
4464,Shares,"12,877","11,920","5,001","3,039","1,580","1,570","1,415","1,320","1,276","1,276","1,276"
4464,BVPS,0.01,0.01,0.02,0.03,0.05,0.06,0.04,0.04,0.04,0.05,0.06
4464,OCF,-11,-17,-14,-9,-3,3,-11,-5,—,-3,7
4464,FCF,-11,-18,-16,-10,-3,2,-12,-7,—,-3,7
4464,NP Margin,-14.63,-11.59,-97.71,-224.49,-49.07,86.04,16.25,-267.65,-32.77,-32.49,4.91
4464,ROE,-5.69,-4.96,-11.96,-27.46,-5.14,14.71,2.41,-22.41,-4.05,-23.85,0.94
4464,Revenue GR,-32.05,337.96,39.90,31.51,-35.58,35.69,88.81,-36.01,-85.47,239.05,18.82
4464,Revenue GR 3Y avg,—,100.48,5.83,4.75,18.17,17.91,-44.01,-31.94,-16.35,48.85,19.40
4464,Revenue GR 5Y avg,—,47.76,24.87,6.79,-31.26,-4.18,-6.69,-21.06,-3.46,40.99,-0.57
4464,Revenue GR 10Y avg,—,17.42,-0.71,1.54,-1.55,-2.39,—,—,—,—,—
4464,NP GR,—,—,—,—,—,—,—,—,—,—,-57.70
4464,NP GR 3Y avg,—,—,—,—,—,69.91,-39.91,—,—,—,2.19
4464,NP GR 5Y avg,—,—,—,—,—,31.77,—,—,—,—,—
4464,NP GR 10Y avg,0.0,0.0,0.0,0.0,0.0,0.0,0.0,0.0,0.0,0.0,0.0
4464,EPS GR,33.33,—,—,—,—,565.15,—,—,—,—,-96.18
4464,EPS GR 3Y avg,—,—,—,—,—,—,—,—,—,—,-58.21
4464,EPS GR 5Y avg,—,—,—,—,—,64.30,-41.47,—,—,—,2.13
4464,EPS GR 10Y avg,—,—,—,—,—,29.54,—,—,—,—,—
4464,OCF GR,—,—,—,—,—,—,—,—,—,—,324.87
4464,FCF GR,—,—,—,—,—,—,—,—,—,—,324.87
4464,D/E,—,—,—,0.11,0.23,0.23,0.21,0.26,0.25,0.23,0.14
4464,Price,0.0200,0.0250,0.0100,0.0200,0.0650,0.0800,0.0900,0.1050,0.1100,0.1600,0.0600
4502,Year End,TTM,2020-12,2019-12,2018-12,2017-12,2016-12,2015-12,2014-12,2013-12,2012-12,2011-12
4502,Revenue,"1,054","1,038","1,103","1,183","1,193","1,289","1,428","1,507","1,723","1,698","1,622"
4502,NP,16,-18,-178,59,-651,-59,139,76,214,209,207
4502,EPS,0.01,-0.02,-0.16,0.05,-0.59,-0.05,0.13,0.07,0.19,0.18,0.18
4502,DPS,—,—,—,—,0.04,0.09,0.10,0.14,0.13,0.11,0.12
4502,Div Payout,—,—,—,—,—,—,157.6,91.4,66.5,60.0,42.0
4502,Shares,"1,109","1,109","1,109","1,109","1,109","1,109","1,109","1,122","1,116","1,140","1,122"
4502,BVPS,0.52,0.50,0.64,0.67,1.03,1.33,1.45,1.49,1.47,1.43,1.15
4502,OCF,63,2,136,22,44,118,226,205,326,348,275
4502,FCF,53,-9,116,-5,-52,30,141,128,223,251,183
4502,NP Margin,1.56,-1.77,-16.13,4.96,-54.55,-4.59,9.72,5.01,12.43,12.33,12.79
4502,ROE,2.85,-3.13,-25.28,7.44,-58.40,-3.84,8.63,4.65,13.37,14.38,16.01
4502,Revenue GR,6.18,-5.83,-6.76,-0.85,-7.48,-9.71,-5.26,-12.53,1.48,4.67,4.88
4502,Revenue GR 3Y avg,—,-4.52,-5.08,-6.09,-7.50,-9.22,-5.61,-2.42,3.66,31.65,27.57
4502,Revenue GR 5Y avg,—,-6.17,-6.06,-7.25,-6.82,-4.49,-1.59,15.16,17.14,19.69,24.85
4502,Revenue GR 10Y avg,—,-3.91,4.01,4.23,5.60,9.20,13.58,—,—,—,—
4502,NP GR,—,—,—,-24.96,—,—,-12.81,-28.59,-4.90,2.42,41.99
4502,NP GR 3Y avg,—,—,—,-22.83,—,—,-11.04,-17.26,24.21,12.25,20.10
4502,NP GR 5Y avg,—,—,—,-2.09,—,—,9.73,—,—,—,—
4502,NP GR 10Y avg,0.0,0.0,0.0,0.0,0.0,0.0,0.0,0.0,0.0,0.0,0.0
4502,EPS GR,-117.67,—,—,—,—,—,85.88,-64.91,4.47,0.33,-19.35
4502,EPS GR 3Y avg,—,—,—,-24.94,—,—,-12.00,-28.35,-5.45,-6.82,21.63
4502,EPS GR 5Y avg,—,—,—,-22.71,—,—,-11.23,-21.58,13.53,5.44,11.23
4502,EPS GR 10Y avg,—,—,—,-6.33,—,—,4.51,—,—,—,—
4502,OCF GR,—,-98.82,532.28,-51.26,-62.59,-47.63,9.94,-37.00,-6.25,26.58,-28.75
4502,FCF GR,—,—,—,—,—,-78.37,10.48,-42.75,-11.27,37.23,-41.90
4502,D/E,0.36,0.39,0.31,—,0.38,—,0.19,0.19,0.27,0.29,0.25
4502,Price,0.6200,0.2850,0.2800,0.3450,0.7600,1.1500,1.2700,1.7600,2.6200,2.3400,2.6000
4596,Year End,TTM,2021-01,2020-01,2019-01,2018-01,2017-01,2016-01,2015-01,2014-01,2013-01,2012-01
4596,Revenue,47,46,50,49,50,51,48,40,38,28,21
4596,NP,-20,-21,-25,-6,13,100,3,24,9,33,141
4596,EPS,-0.14,-0.14,-0.18,-0.04,0.10,0.72,0.02,0.17,0.07,0.24,1.01
4596,DPS,—,—,—,—,—,0.03,0.03,—,—,—,—
4596,Div Payout,—,—,—,—,—,4.0,117.9,—,—,—,—
4596,Shares,139,139,139,139,139,139,139,139,139,139,139
4596,BVPS,2.85,2.92,3.14,3.28,3.21,3.23,2.62,2.62,2.44,2.27,2.29
4596,OCF,14,9,-5,-8,-3,3,-2,-9,-6,-1,-12
4596,FCF,1,-3,-21,-24,-22,—,-9,-12,-9,-3,-18
4596,NP Margin,-42.75,-44.62,-50.07,-12.44,26.77,197.14,5.66,59.65,25.14,118.08,685.82
4596,ROE,-4.88,-4.96,-5.70,-1.32,2.95,24.54,0.73,6.60,2.71,9.91,56.89
4596,Revenue GR,5.30,-8.31,2.73,-2.84,-1.25,6.17,21.13,5.00,33.64,36.80,17.90
4596,Revenue GR 3Y avg,—,-2.91,-0.48,0.62,8.29,10.53,19.34,24.28,29.18,-52.97,-55.32
4596,Revenue GR 5Y avg,—,-0.82,4.86,5.32,12.25,19.81,22.35,-31.94,-30.42,-32.70,-21.19
4596,Revenue GR 10Y avg,—,10.16,-15.52,-14.40,-13.09,-2.83,2.34,—,—,—,—
4596,NP GR,—,—,—,—,-17.09,119.58,-56.65,-44.93,-37.53,76.65,—
4596,NP GR 3Y avg,—,—,—,—,-16.58,-6.63,-41.28,31.34,—,—,—
4596,NP GR 5Y avg,—,—,—,—,—,—,11.15,—,—,—,—
4596,NP GR 10Y avg,0.0,0.0,0.0,0.0,0.0,0.0,0.0,0.0,0.0,0.0,0.0
4596,EPS GR,-9.64,—,—,—,-86.59,—,-88.53,149.04,-71.53,-76.45,263.76
4596,EPS GR 3Y avg,—,—,—,—,-17.08,119.56,-56.67,-44.94,-37.52,76.64,—
4596,EPS GR 5Y avg,—,—,—,—,-16.57,-6.63,-41.30,31.34,—,—,—
4596,EPS GR 10Y avg,—,—,—,—,—,—,11.13,—,—,—,—
4596,OCF GR,—,—,—,—,—,—,—,—,—,—,—
4596,FCF GR,—,—,—,—,—,—,—,—,—,—,—
4596,D/E,0.07,0.07,0.07,—,—,—,0.14,0.34,—,—,0.01
4596,Price,0.5900,0.4650,0.5400,0.6500,0.8650,0.9300,1.3600,0.9300,0.9450,0.6600,0.9200
4634,Year End,TTM,2020-12,2019-03,2018-03,2017-03,2016-03,2015-03,2014-03,2013-03,2012-03,2010-12
4634,Revenue,"2,354","2,317","2,355","2,473","2,082","1,717","1,494","1,427","1,270","1,482","1,015"
4634,NP,-306,-308,-166,93,84,63,127,159,152,139,67
4634,EPS,-0.39,-0.39,-0.21,0.11,0.12,0.12,0.23,0.29,0.28,0.26,0.13
4634,DPS,—,—,0.08,0.10,0.12,0.13,0.07,0.17,0.26,0.10,0.13
4634,Div Payout,—,—,—,—,—,—,—,—,—,—,—
4634,Shares,783,783,783,783,672,537,537,537,537,537,537
4634,BVPS,1.40,1.76,—,—,—,—,—,—,—,—,—
4634,OCF,154,170,103,77,208,240,108,105,209,326,198
4634,FCF,81,92,-99,-356,88,128,4,-17,140,153,122
4634,NP Margin,-12.98,-13.29,-7.04,3.77,4.04,3.67,8.50,11.14,11.95,9.37,6.61
4634,ROE,-24.41,-23.74,-9.06,4.80,5.51,5.64,11.78,16.05,16.45,15.46,8.24
4634,Revenue GR,6.58,-0.91,-4.75,18.74,21.24,14.95,4.71,12.40,-14.32,35.37,—
4634,Revenue GR 3Y avg,—,2.89,11.10,18.28,13.43,10.60,0.28,11.05,11.07,15.73,—
4634,Revenue GR 5Y avg,—,7.92,10.54,14.26,7.04,10.53,10.08,8.68,7.71,11.87,—
4634,Revenue GR 10Y avg,—,8.61,9.58,10.86,9.49,7.91,—,—,—,—,—
4634,NP GR,—,—,—,-9.80,-19.14,-25.36,-2.92,30.40,24.00,—,—
4634,NP GR 3Y avg,—,—,—,-9.28,-9.55,-1.17,10.45,—,—,-2.69,—
4634,NP GR 5Y avg,—,—,—,—,-6.10,-7.82,—,—,—,—,—
4634,NP GR 10Y avg,0.0,0.0,0.0,0.0,0.0,0.0,0.0,0.0,0.0,0.0,0.0
4634,EPS GR,-4.93,—,—,-4.80,6.84,-50.63,-19.93,4.59,9.27,79.16,—
4634,EPS GR 3Y avg,—,—,—,-20.52,-24.98,-25.50,-2.92,30.38,24.18,—,—
4634,EPS GR 5Y avg,—,—,—,-15.91,-13.56,-1.25,10.55,—,—,-3.30,—
4634,EPS GR 10Y avg,—,—,—,—,-8.44,-8.24,—,—,—,—,—
4634,OCF GR,—,33.12,33.13,-62.91,-13.28,121.73,3.62,-49.87,-36.05,48.88,—
4634,FCF GR,—,—,—,—,-31.64,—,—,—,-7.91,19.50,—
4634,D/E,0.44,0.41,0.12,0.06,0.01,—,—,—,—,—,0.04
4634,Price,0.8850,1.2100,1.4800,1.8300,1.7200,3.5300,4.5800,2.7000,5.2900,4.7700,4.2400
4677,Year End,TTM,2020-06,2019-06,2018-06,2017-06,2016-06,2015-06,2014-06,2013-06,2012-06,2011-06
4677,Revenue,"16,527","19,178","18,048","15,905","14,729","15,378","16,755","19,269","19,973","20,196","18,355"
4677,NP,-212,-189,243,362,813,916,"1,018","1,555","1,274","1,181","1,035"
4677,EPS,-0.02,-0.02,0.02,0.03,0.07,0.08,0.09,0.14,0.12,0.12,0.10
4677,DPS,—,0.04,0.04,0.05,0.09,0.09,0.09,0.02,0.02,0.04,0.02
4677,Div Payout,—,869.5,197.0,83.4,119.5,108.2,96.8,10.2,36.0,15.4,—
4677,Shares,"10,726","11,004","10,922","10,881","11,081","10,981","10,946","10,923","10,925","10,162","10,164"
4677,BVPS,1.19,1.17,1.26,1.28,1.33,1.27,1.29,1.30,1.18,1.05,—
4677,OCF,"3,142","3,043","2,770","2,275","2,188","2,867","3,120","4,306","2,771","2,932","3,567"
4677,FCF,"1,429","1,195",221,15,-27,884,792,"1,530",-669,"1,423","1,975"
4677,NP Margin,-1.28,-0.99,1.34,2.28,5.52,5.96,6.07,8.07,6.38,5.85,5.64
4677,ROE,-1.64,-1.47,1.77,2.50,5.52,6.27,7.01,11.22,9.99,10.48,10.30
4677,Revenue GR,-12.34,6.27,13.47,7.98,-4.22,-8.22,-13.05,-3.52,-1.10,10.03,—
4677,Revenue GR 3Y avg,—,9.20,5.48,-1.72,-8.57,-8.35,-6.04,1.63,6.56,31.45,—
4677,Revenue GR 5Y avg,—,2.74,-1.30,-4.45,-6.12,-3.48,0.30,16.73,24.98,27.41,—
4677,Revenue GR 10Y avg,—,1.51,7.34,9.28,9.37,10.84,13.00,—,—,—,—
4677,NP GR,—,—,-35.79,-29.13,-19.43,-10.41,-4.84,14.55,-7.77,-5.55,—
4677,NP GR 3Y avg,—,—,-31.03,-22.25,-7.19,-2.40,-8.93,2.10,-1.53,-3.81,—
4677,NP GR 5Y avg,—,—,-16.09,-12.50,-5.52,-6.77,1.12,—,—,—,—
4677,NP GR 10Y avg,0.0,0.0,0.0,0.0,0.0,0.0,0.0,0.0,0.0,0.0,0.0
4677,EPS GR,-22.51,—,-33.14,-54.67,-12.05,-10.20,-34.67,21.95,0.41,13.33,—
4677,EPS GR 3Y avg,—,—,-35.64,-28.99,-19.79,-10.56,-7.17,11.54,11.61,6.78,—
4677,EPS GR 5Y avg,—,—,-31.00,-22.19,-8.77,-4.03,2.07,8.31,6.71,7.65,—
4677,EPS GR 10Y avg,—,—,-13.55,-8.88,-0.90,-5.04,4.87,—,—,—,—
4677,OCF GR,—,9.83,21.78,3.98,-23.68,-8.12,-27.54,55.40,-5.49,-17.80,—
4677,FCF GR,—,440.23,—,—,—,11.61,-48.24,—,—,-27.96,—
4677,D/E,2.80,2.70,2.32,2.51,2.29,2.33,2.26,1.96,1.99,1.44,1.72
4677,Price,0.6750,0.8300,1.1200,1.1300,1.4600,1.6700,1.5500,1.6200,1.6600,2.0200,1.4500
4723,Year End,TTM,2020-12,2019-12,2018-12,2017-12,2016-12,2015-12,2014-12,2013-12,2012-10,2011-10
4723,Revenue,193,251,"1,052",658,685,632,461,491,586,376,327
4723,NP,-59,-85,108,15,127,1,41,14,8,3,23
4723,EPS,-0.09,-0.11,0.14,0.02,0.14,0.09,0.05,0.02,0.01,—,-0.03
4723,DPS,—,—,—,—,—,—,—,—,—,—,—
4723,Div Payout,—,—,—,—,—,—,—,—,—,—,—
4723,Shares,"1,034",856,796,991,881,814,814,814,814,814,814
4723,BVPS,0.57,0.58,0.81,0.79,0.64,0.59,0.58,0.56,0.54,—,—
4723,OCF,60,21,212,34,28,55,94,237,43,6,15
4723,FCF,29,-11,212,34,27,55,91,235,42,5,15
4723,NP Margin,-30.33,-33.69,10.27,2.33,18.49,0.13,8.99,2.86,1.28,0.73,7.01
4723,ROE,-5.49,-7.97,12.03,2.02,21.05,0.16,8.63,3.10,1.68,0.63,5.12
4723,Revenue GR,-76.80,-76.14,59.81,-3.91,8.34,37.08,-6.06,-16.28,46.21,15.21,26.99
4723,Revenue GR 3Y avg,—,-28.44,18.49,12.58,11.74,2.54,6.63,13.71,29.68,10.62,11.87
4723,Revenue GR 5Y avg,—,-11.46,16.46,2.34,12.28,13.61,11.95,11.62,19.51,5.93,2.20
4723,Revenue GR 10Y avg,—,-0.24,13.97,10.73,9.11,7.85,—,—,—,—,—
4723,NP GR,—,—,413.96,-28.20,108.24,-52.66,135.52,-14.33,45.65,-25.85,99.47
4723,NP GR 3Y avg,—,—,50.44,15.39,109.75,-47.77,75.28,15.20,20.31,-26.03,30.79
4723,NP GR 5Y avg,—,—,31.34,17.86,25.63,-17.98,—,—,—,—,—
4723,NP GR 10Y avg,0.0,0.0,0.0,0.0,0.0,0.0,0.0,0.0,0.0,0.0,0.0
4723,EPS GR,-291.53,—,488.19,-99.89,—,-98.10,195.63,87.13,145.31,-88.51,905.02
4723,EPS GR 3Y avg,—,—,354.86,-32.73,840.72,-52.78,138.88,-14.32,45.60,-26.95,98.36
4723,EPS GR 5Y avg,—,—,39.56,10.99,407.58,-47.85,75.29,15.21,19.90,-28.07,28.32
4723,EPS GR 10Y avg,—,—,26.59,15.43,94.15,-18.81,—,—,—,—,—
4723,OCF GR,—,-90.11,518.85,24.23,-50.30,-40.85,-60.57,446.38,423.77,-57.32,-42.22
4723,FCF GR,—,—,519.92,24.38,-50.20,-39.76,-61.05,457.34,496.88,-64.48,-41.48
4723,D/E,0.27,0.28,0.31,0.39,0.45,0.49,0.65,0.75,0.44,0.01,0.01
4723,Price,0.6250,0.6950,1.2700,0.4800,1.4900,1.0200,1.2400,0.4400,0.5050,0.3500,0.6000
4758,Year End,TTM,2020-05,2019-05,2018-05,2017-05,2016-05,2015-05,2014-05,2013-05,2012-05,2011-05
4758,Revenue,"1,396","1,466","1,986","1,954","1,700","1,509","1,552","1,864","2,033","1,750","1,507"
4758,NP,5,-10,15,18,17,-7,2,10,-20,-9,-13
4758,EPS,0.01,-0.04,0.06,0.07,0.07,-0.03,0.01,0.04,-0.08,-0.04,-0.05
4758,DPS,—,—,—,—,—,—,0.01,—,—,—,—
4758,Div Payout,—,—,—,—,—,—,—,—,—,—,—
4758,Shares,253,225,235,237,237,237,238,238,237,238,238
4758,BVPS,1.43,1.31,1.35,1.30,1.27,1.22,1.17,1.17,1.19,1.24,—
4758,OCF,64,126,34,31,-14,43,51,104,-8,44,27
4758,FCF,58,111,3,8,-88,22,1,92,-23,13,-11
4758,NP Margin,0.32,-0.66,0.76,0.90,1.03,-0.46,0.14,0.51,-0.98,-0.52,-0.86
4758,ROE,1.37,-3.09,4.78,5.67,5.96,-2.47,0.77,3.48,-6.99,-2.98,-4.14
4758,Revenue GR,7.96,-26.18,1.64,14.95,12.65,-2.78,-16.72,-8.29,16.13,16.10,—
4758,Revenue GR 3Y avg,—,-4.82,9.59,7.98,-3.02,-9.45,-3.92,7.34,10.34,1.97,—
4758,Revenue GR 5Y avg,—,-1.14,1.28,-0.78,-0.58,0.02,0.51,2.46,-0.05,-3.55,—
4758,Revenue GR 10Y avg,—,-0.31,1.87,-0.42,-2.07,2.27,—,—,—,—,—
4758,NP GR,—,—,—,100.97,22.22,—,—,—,—,—,—
4758,NP GR 3Y avg,—,—,9.61,—,—,—,7.91,7.55,—,—,—
4758,NP GR 5Y avg,—,—,8.57,-10.82,-3.92,—,—,—,—,—,—
4758,NP GR 10Y avg,0.0,0.0,0.0,0.0,0.0,0.0,0.0,0.0,0.0,0.0,0.0
4758,EPS GR,—,—,-4.62,0.74,—,—,-77.38,—,—,—,—
4758,EPS GR 3Y avg,—,—,—,101.41,22.42,—,—,—,—,—,—
4758,EPS GR 5Y avg,—,—,12.01,—,—,—,8.02,—,—,—,—
4758,EPS GR 10Y avg,—,—,—,-11.48,-4.97,—,—,—,—,—,—
4758,OCF GR,—,266.73,9.38,—,—,-16.25,-50.94,—,—,63.66,—
4758,FCF GR,—,—,-65.43,—,—,—,-99.37,—,—,—,—
4758,D/E,0.19,0.26,0.16,0.17,0.20,0.06,0.07,0.02,0.05,0.07,0.08
4758,Price,1.2300,0.7450,0.4650,0.4950,0.7900,0.3500,0.4300,0.5450,0.3900,0.3400,0.4100
4847,Year End,TTM,2020-12,2019-12,2018-12,2017-12,2016-12,2015-12,2014-12,2013-12,2012-12,2011-12
4847,Revenue,12,30,129,157,173,172,180,223,241,241,254
4847,NP,-16,-23,-91,-39,-19,-25,1,6,14,3,-27
4847,EPS,-0.04,-0.06,-0.22,-0.10,-0.05,-0.06,—,0.01,0.04,0.01,-0.08
4847,DPS,—,—,—,—,—,—,—,—,—,—,—
4847,Div Payout,—,—,—,—,—,—,—,—,—,—,—
4847,Shares,403,403,403,403,403,403,403,403,339,339,339
4847,BVPS,-0.17,-0.13,0.09,0.17,0.24,0.31,0.32,0.31,0.30,0.27,0.28
4847,OCF,-2,4,4,20,24,23,-3,29,41,30,19
4847,FCF,2,4,-17,20,18,14,-26,-70,38,29,19
4847,NP Margin,-132.12,-76.17,-70.21,-25.09,-10.73,-14.49,0.69,2.65,5.77,1.18,-10.68
4847,ROE,—,—,—,-58.00,-19.32,-21.40,0.97,4.77,12.15,2.67,-24.79
4847,Revenue GR,-85.91,-76.43,-17.97,-9.31,0.68,-4.06,-19.61,-7.33,0.04,-5.09,-4.06
4847,Revenue GR 3Y avg,—,-44.03,-9.19,-4.32,-8.09,-10.59,-9.33,-4.18,-3.06,-5.14,-4.57
4847,Revenue GR 5Y avg,—,-29.90,-10.39,-8.18,-6.36,-7.46,-7.46,-4.57,-3.77,-1.61,2.08
4847,Revenue GR 10Y avg,—,-19.45,-7.53,-6.00,-4.02,-2.81,—,—,—,—,—
4847,NP GR,—,—,—,—,—,—,-24.23,—,—,—,—
4847,NP GR 3Y avg,—,—,—,—,—,—,—,—,33.11,-22.12,—
4847,NP GR 5Y avg,—,—,—,—,—,—,—,—,—,—,—
4847,NP GR 10Y avg,0.0,0.0,0.0,0.0,0.0,0.0,0.0,0.0,0.0,0.0,0.0
4847,EPS GR,-59.00,—,—,—,—,—,-82.18,-57.56,388.10,—,—
4847,EPS GR 3Y avg,—,—,—,—,—,—,-28.27,—,—,—,—
4847,EPS GR 5Y avg,—,—,—,—,—,—,—,—,36.04,-20.35,—
4847,EPS GR 10Y avg,—,—,—,—,—,—,—,—,—,—,—
4847,OCF GR,—,-0.49,-78.67,-15.01,3.14,—,—,-28.34,38.29,58.99,-41.36
4847,FCF GR,—,—,—,8.74,29.79,—,—,—,28.45,57.14,-40.09
4847,D/E,—,—,—,0.64,0.56,0.73,0.74,0.61,0.23,0.46,0.55
4847,Price,0.1450,0.1700,0.0850,0.0550,0.1350,0.1300,0.2350,0.2850,0.1400,0.1200,0.1400
4936,Year End,TTM,2020-06,2019-06,2018-06,2017-06,2015-12,2014-12,2013-12,2012-12,2011-12,2010-12
4936,Revenue,5,4,—,—,—,—,—,—,—,8,13
4936,NP,14,-2,-5,-3,-4,-3,-5,1,-4,1,12
4936,EPS,0.19,-0.02,-0.07,-0.04,-0.05,-0.05,-0.06,0.01,-0.06,0.01,0.15
4936,DPS,—,—,0.10,—,—,—,—,—,—,—,—
4936,Div Payout,—,—,—,—,—,—,—,—,—,—,—
4936,Shares,75,75,75,75,75,—,75,75,75,75,75
4936,BVPS,2.37,2.18,2.24,2.42,2.52,—,—,—,—,—,—
4936,OCF,-1,-2,-3,-3,-4,—,-3,-3,-4,4,9
4936,FCF,-1,-2,-3,-3,-4,—,-3,-3,-6,4,9
4936,NP Margin,274.91,-50.66,—,—,—,—,—,—,—,9.38,91.57
4936,ROE,8.25,-1.09,-3.16,-1.88,-1.90,—,-2.32,0.75,-2.18,0.38,6.01
4936,Revenue GR,—,—,—,—,—,—,—,—,—,-35.69,—
4936,Revenue GR 3Y avg,—,—,—,—,—,—,—,—,—,-19.84,—
4936,Revenue GR 5Y avg,—,—,—,—,—,—,—,—,—,-2.24,—
4936,Revenue GR 10Y avg,—,-12.11,—,—,—,—,—,—,—,—,—
4936,NP GR,—,—,—,—,—,—,—,-49.82,—,-59.93,—
4936,NP GR 3Y avg,—,—,—,—,—,—,—,-34.18,—,-1.52,—
4936,NP GR 5Y avg,—,—,—,—,—,—,—,—,—,—,—
4936,NP GR 10Y avg,0.0,0.0,0.0,0.0,0.0,0.0,0.0,0.0,0.0,0.0,0.0
4936,EPS GR,-264.16,—,—,—,—,—,—,—,—,-93.42,—
4936,EPS GR 3Y avg,—,—,—,—,—,—,—,-50.22,—,-59.93,—
4936,EPS GR 5Y avg,—,—,—,—,—,—,—,-34.50,—,-1.52,—
4936,EPS GR 10Y avg,—,—,—,—,—,—,—,—,—,—,—
4936,OCF GR,—,—,—,—,—,—,—,—,—,-51.29,—
4936,FCF GR,—,—,—,—,—,—,—,—,—,-52.51,—
4936,D/E,—,—,—,—,—,—,—,—,—,—,—
4936,Price,0.0000,0.5000,0.7900,1.0000,1.3200,1.6000,1.8000,1.6300,1.6000,1.3000,1.4000
4944,Year End,TTM,2020-05,2019-05,2018-05,2017-05,2016-05,2015-05,2014-05,2013-05,2012-05,2011-05
4944,Revenue,"1,029","1,136","1,560","1,446","1,337","1,197","1,273","1,566","1,729","1,488","1,227"
4944,NP,-11,-23,-3,19,20,11,7,8,8,14,13
4944,EPS,-0.06,-0.13,-0.02,0.10,0.10,0.06,0.04,0.04,0.04,0.07,0.07
4944,DPS,—,0.01,0.03,0.02,0.02,0.02,0.03,0.02,0.02,0.03,—
4944,Div Payout,—,—,163.9,19.0,19.1,56.3,138.9,35.9,38.4,40.1,—
4944,Shares,177,180,190,195,197,197,198,198,198,199,195
4944,BVPS,1.67,1.80,1.80,1.76,1.75,1.63,1.51,1.48,1.43,1.43,—
4944,OCF,53,93,-2,30,-22,42,53,77,-34,23,-6
4944,FCF,49,87,-14,28,-86,30,14,75,-37,12,-9
4944,NP Margin,-1.05,-2.04,-0.21,1.32,1.52,0.93,0.58,0.51,0.45,0.93,1.07
4944,ROE,-3.46,-7.40,-0.99,5.53,6.10,3.58,2.50,2.78,2.73,5.00,4.92
4944,Revenue GR,4.98,-27.18,7.88,8.16,11.68,-5.92,-18.73,-9.41,16.15,21.32,—
4944,Revenue GR 3Y avg,—,-5.28,9.23,4.36,-5.13,-11.52,-5.08,8.48,12.25,2.90,—
4944,Revenue GR 5Y avg,—,-2.24,-0.07,-3.50,-2.12,-0.48,0.82,2.77,-0.15,-0.19,—
4944,Revenue GR 10Y avg,—,-0.73,1.34,-1.84,-1.16,5.97,—,—,—,—,—
4944,NP GR,—,—,—,37.24,36.82,12.88,-18.95,-15.49,-39.55,-1.92,—
4944,NP GR 3Y avg,—,—,—,19.75,8.00,-3.29,-26.79,-11.56,-30.48,-18.78,—
4944,NP GR 5Y avg,—,—,—,-8.76,-6.34,-4.80,—,—,—,—,—
4944,NP GR 10Y avg,0.0,0.0,0.0,0.0,0.0,0.0,0.0,0.0,0.0,0.0,0.0
4944,EPS GR,-234.71,—,—,-4.72,82.76,52.63,-7.32,2.50,-43.66,2.90,—
4944,EPS GR 3Y avg,—,—,—,38.52,37.25,13.19,-18.81,-15.93,-39.69,-3.71,—
4944,EPS GR 5Y avg,—,—,—,20.35,8.35,-3.41,-26.92,-12.41,-30.37,-19.15,—
4944,EPS GR 10Y avg,—,—,—,-8.46,-6.41,-5.29,—,—,—,—,—
4944,OCF GR,—,—,—,—,—,-20.90,-30.76,—,—,—,—
4944,FCF GR,—,—,—,—,—,109.79,-80.70,—,—,—,—
4944,D/E,0.10,0.14,0.12,0.12,0.14,0.01,0.03,—,—,0.01,0.01
4944,Price,0.6400,0.8350,0.6400,0.6300,0.9550,0.5400,0.5550,0.6400,0.5450,0.5400,0.6100
4995,Year End,TTM,2020-03,2019-03,2018-03,2017-03,2016-03,2015-03,2014-03,2012-12,2011-12,2010-12
4995,Revenue,42,47,56,55,47,44,50,71,61,55,58
4995,NP,-5,-14,-16,-7,—,-2,-16,-3,2,-6,—
4995,EPS,-0.05,-0.10,-0.13,-0.06,—,-0.02,-0.14,-0.02,0.02,-0.06,—
4995,DPS,—,—,—,—,—,—,—,—,—,—,—
4995,Div Payout,—,—,—,—,—,—,—,—,—,—,—
4995,Shares,255,141,126,117,117,117,111,111,111,111,111
4995,BVPS,0.25,0.30,0.33,0.50,0.43,0.44,0.56,0.63,—,—,—
4995,OCF,-2,-4,—,-1,1,-5,1,6,2,5,1
4995,FCF,-7,-5,-2,-4,1,-7,-2,4,2,4,—
4995,NP Margin,-12.45,-29.32,-29.36,-11.96,0.15,-4.64,-32.12,-3.62,3.52,-11.45,0.41
4995,ROE,-9.89,-37.66,-35.47,-12.29,0.14,-4.06,-20.46,-3.22,3.88,-12.19,0.43
4995,Revenue GR,2.35,-15.42,0.84,16.26,6.78,-10.78,-29.95,13.51,10.90,-4.75,—
4995,Revenue GR 3Y avg,—,-0.28,7.78,3.47,-12.61,-9.16,-2.87,6.77,4.94,-5.94,—
4995,Revenue GR 5Y avg,—,-1.13,-4.79,-1.81,-2.69,-4.78,-1.01,1.49,-3.43,-4.73,—
4995,Revenue GR 10Y avg,—,-1.07,-1.62,-2.60,-3.69,—,—,—,—,—,—
4995,NP GR,—,—,—,—,—,—,—,—,9.67,—,—
4995,NP GR 3Y avg,—,—,—,—,—,—,—,—,—,—,—
4995,NP GR 5Y avg,—,—,—,—,-26.26,—,—,—,—,—,—
4995,NP GR 10Y avg,0.0,0.0,0.0,0.0,0.0,0.0,0.0,0.0,0.0,0.0,0.0
4995,EPS GR,-69.74,—,—,—,—,—,—,—,—,—,—
4995,EPS GR 3Y avg,—,—,—,—,—,—,—,—,9.64,—,—
4995,EPS GR 5Y avg,—,—,—,—,—,—,—,—,—,—,—
4995,EPS GR 10Y avg,—,—,—,—,-26.73,—,—,—,—,—,—
4995,OCF GR,—,—,—,—,—,—,-86.23,117.72,-53.72,250.36,—
4995,FCF GR,—,—,—,—,—,—,—,70.06,-57.78,—,—
4995,D/E,—,0.01,0.01,0.01,0.03,0.08,0.09,0.06,0.05,0.08,0.10
4995,Price,0.7000,0.7000,0.2050,0.3650,0.5700,1.2900,0.6900,0.7500,0.4250,0.2500,0.4300
5000,Year End,TTM,2020-06,2019-06,2018-06,2017-06,2016-06,2015-06,2014-06,2013-06,2012-06,2011-06
5000,Revenue,568,583,637,645,663,603,473,41,59,53,32
5000,NP,-26,-46,-98,-55,19,49,52,-5,—,—,—
5000,EPS,-0.05,-0.09,-0.20,-0.11,0.04,0.10,0.15,-0.18,—,0.03,-0.07
5000,DPS,—,—,—,—,0.02,0.03,0.03,—,—,—,—
5000,Div Payout,—,—,—,—,56.3,23.0,—,—,—,—,—
5000,Shares,501,495,480,479,479,479,343,31,31,31,31
5000,BVPS,0.76,0.82,0.65,0.88,0.95,0.92,0.83,0.63,0.72,1.90,—
5000,OCF,31,12,-46,6,38,85,184,-3,—,—,4
5000,FCF,18,1,-58,-8,12,-274,-102,-3,—,—,3
5000,NP Margin,-4.63,-7.87,-15.42,-8.51,2.82,8.08,11.00,-13.43,0.12,—,—
5000,ROE,-6.66,-11.08,-23.75,-13.14,4.25,11.61,24.67,-26.17,0.17,—,—
5000,Revenue GR,-9.38,-8.36,-1.31,-2.68,9.85,27.61,1066.01,-31.59,11.24,65.16,—
5000,Revenue GR 3Y avg,—,-4.16,1.81,10.91,153.78,116.73,107.03,7.92,6.97,15.13,—
5000,Revenue GR 5Y avg,—,4.29,73.45,61.20,65.56,79.63,57.74,3.04,4.42,-5.48,—
5000,Revenue GR 10Y avg,—,28.26,33.69,29.74,25.10,23.83,—,—,—,—,—
5000,NP GR,—,—,—,—,—,774.08,—,—,—,—,—
5000,NP GR 3Y avg,—,—,—,—,—,—,—,—,—,—,—
5000,NP GR 5Y avg,—,—,—,—,—,—,—,—,—,—,—
5000,NP GR 10Y avg,0.0,0.0,0.0,0.0,0.0,0.0,0.0,0.0,0.0,0.0,0.0
5000,EPS GR,-737.84,—,—,—,-61.55,-32.96,—,—,-92.86,—,—
5000,EPS GR 3Y avg,—,—,—,—,—,270.48,75.63,—,-76.07,—,—
5000,EPS GR 5Y avg,—,—,—,—,6.91,—,0.77,—,—,—,—
5000,EPS GR 10Y avg,—,—,—,—,—,-2.43,—,—,—,—,—
5000,OCF GR,—,—,—,-85.44,-55.37,-53.90,—,—,-11.35,-88.15,—
5000,FCF GR,—,—,—,—,—,—,—,—,-10.24,-94.01,—
5000,D/E,0.80,0.59,0.52,0.60,0.80,0.85,0.73,—,—,—,—
5000,Price,1.1200,1.0800,1.0600,1.0800,2.2800,3.1000,3.7900,2.4100,0.3950,0.3200,0.5300
5001,Year End,TTM,2020-12,2019-12,2018-12,2017-12,2016-12,2015-12,2014-12,2013-12,2012-12,2011-12
5001,Revenue,388,377,427,420,349,324,355,322,295,308,301
5001,NP,29,-4,2,-61,48,83,19,18,-64,-7,6
5001,EPS,0.03,-0.01,—,-0.07,0.06,0.10,0.02,0.02,-0.08,-0.01,0.01
5001,DPS,—,—,—,0.01,0.03,—,—,—,—,—,—
5001,Div Payout,—,—,—,—,20.4,—,—,—,—,—,—
5001,Shares,840,840,840,840,840,840,840,840,840,840,840
5001,BVPS,0.41,0.36,0.40,0.45,0.46,0.39,0.34,0.31,0.36,0.38,0.38
5001,OCF,28,41,36,59,-2,48,48,14,27,20,25
5001,FCF,19,34,28,35,-29,41,31,11,22,14,16
5001,NP Margin,7.52,-1.19,0.39,-14.43,13.73,25.51,5.25,5.55,-21.59,-2.28,2.13
5001,ROE,8.91,-1.33,0.49,-16.34,12.32,24.75,6.59,6.77,-22.21,-2.18,2.00
5001,Revenue GR,11.96,-11.69,1.77,20.19,7.78,-8.70,10.28,9.22,-4.22,2.15,72.91
5001,Revenue GR 3Y avg,—,2.61,9.65,5.75,2.76,3.22,4.88,2.24,19.15,18.32,-6.64
5001,Revenue GR 5Y avg,—,1.23,5.83,7.33,2.57,1.47,15.30,11.62,-4.46,-2.62,-1.83
5001,Revenue GR 10Y avg,—,8.04,8.69,1.27,-0.06,-0.19,—,—,—,—,—
5001,NP GR,—,—,-72.87,—,38.94,—,—,40.65,—,—,—
5001,NP GR 3Y avg,—,—,-37.90,—,—,66.69,63.09,—,—,—,-0.22
5001,NP GR 5Y avg,—,—,—,—,35.42,28.97,—,—,—,—,—
5001,NP GR 10Y avg,0.0,0.0,0.0,0.0,0.0,0.0,0.0,0.0,0.0,0.0,0.0
5001,EPS GR,-123.75,—,—,—,-42.02,343.36,4.35,—,—,—,297.40
5001,EPS GR 3Y avg,—,—,-73.00,—,38.94,—,—,40.63,—,—,—
5001,EPS GR 5Y avg,—,—,-38.07,—,—,66.68,63.07,—,—,—,-0.19
5001,EPS GR 10Y avg,—,—,—,—,35.43,28.98,—,—,—,—,—
5001,OCF GR,—,15.26,-39.80,—,—,0.25,235.58,-46.78,32.35,-17.51,-8.70
5001,FCF GR,—,23.14,-20.23,—,—,31.64,189.09,-52.17,58.15,-13.34,-24.52
5001,D/E,0.27,0.28,0.28,0.35,0.04,—,—,—,—,—,0.31
5001,Price,0.8700,0.9050,0.2850,0.2500,0.7750,1.4000,1.0600,0.3750,0.3300,0.4400,0.4300
5009,Year End,TTM,2020-12,2019-12,2018-12,2017-12,2016-12,2015-12,2014-12,2013-12,2012-12,2011-12
5009,Revenue,433,410,527,612,640,695,753,765,647,586,530
5009,NP,-40,-55,-64,-25,5,26,34,59,48,38,61
5009,EPS,-0.17,-0.24,-0.28,-0.11,0.02,0.11,0.14,0.26,0.21,0.17,0.26
5009,DPS,—,—,—,0.02,0.05,0.10,0.10,0.10,0.10,0.10,0.10
5009,Div Payout,—,—,—,—,46.2,51.5,87.0,42.7,48.6,60.2,41.8
5009,Shares,228,228,228,229,229,223,229,229,229,230,230
5009,BVPS,2.56,2.61,2.96,3.22,3.24,3.37,3.23,3.19,3.04,2.92,2.75
5009,OCF,85,66,62,35,19,64,94,47,85,14,62
5009,FCF,82,62,49,11,-6,40,52,-10,71,-7,-18
5009,NP Margin,-9.32,-13.48,-12.14,-4.14,0.79,3.80,4.55,7.74,7.45,6.51,11.43
5009,ROE,-6.70,-8.99,-9.50,-3.49,0.67,3.46,4.56,8.24,7.03,5.75,9.50
5009,Revenue GR,24.09,-22.25,-13.93,-4.27,-7.92,-7.65,-1.63,18.30,10.37,10.56,-0.06
5009,Revenue GR 3Y avg,—,-13.80,-8.79,-6.63,-5.78,2.43,8.70,13.02,6.84,6.84,3.22
5009,Revenue GR 5Y avg,—,-11.44,-7.17,-1.07,1.78,5.57,7.25,9.75,6.06,7.13,4.89
5009,Revenue GR 10Y avg,—,-2.54,0.94,2.43,4.42,5.23,—,—,—,—,—
5009,NP GR,—,—,—,—,-55.90,-18.12,-3.58,-0.76,-9.71,-14.24,5.12
5009,NP GR 3Y avg,—,—,—,—,-33.20,-15.28,-12.17,-0.43,-1.58,-4.75,6.59
5009,NP GR 5Y avg,—,—,—,—,-20.23,-4.97,—,—,—,—,—
5009,NP GR 10Y avg,0.0,0.0,0.0,0.0,0.0,0.0,0.0,0.0,0.0,0.0,0.0
5009,EPS GR,-74.10,—,—,—,-81.36,-20.81,-42.25,22.86,26.51,-37.03,-7.38
5009,EPS GR 3Y avg,—,—,—,—,-55.99,-17.48,-3.54,-0.72,-9.64,-14.23,5.37
5009,EPS GR 5Y avg,—,—,—,—,-33.25,-14.85,-12.14,-0.39,-1.40,-4.54,7.01
5009,EPS GR 10Y avg,—,—,—,—,-20.18,-4.55,—,—,—,—,—
5009,OCF GR,—,5.94,74.97,90.46,-71.11,-31.87,99.31,-44.20,496.71,-77.22,31.59
5009,FCF GR,—,26.79,342.89,—,—,-22.47,—,—,—,—,—
5009,D/E,—,—,0.05,0.01,0.01,0.02,—,—,—,—,—
5009,Price,0.6300,0.6450,1.0100,1.5300,1.9400,2.0100,2.2900,2.0000,1.8700,1.6200,1.6700
5011,Year End,TTM,2020-12,2019-12,2018-12,2017-12,2016-12,2015-12,2014-12,2013-12,2012-12,2011-12
5011,Revenue,201,198,314,181,226,228,205,256,281,326,298
5011,NP,-11,-9,-1,-9,16,3,-20,-31,-8,10,14
5011,EPS,-0.18,-0.15,-0.01,-0.14,0.27,0.05,-0.32,-0.51,-0.13,0.16,0.22
5011,DPS,—,—,—,0.06,0.05,—,—,0.10,0.21,0.21,0.20
5011,Div Payout,—,—,—,29.0,53.0,—,—,—,175.0,130.3,102.5
5011,Shares,60,60,60,60,60,60,60,60,60,60,60
5011,BVPS,1.72,1.80,1.70,2.07,1.94,1.90,1.90,2.49,2.92,3.06,2.97
5011,OCF,-3,-102,131,9,11,-10,21,-4,83,-39,—
5011,FCF,-3,-103,130,3,9,-15,17,-10,79,-45,-12
5011,NP Margin,-5.40,-4.73,-0.28,-4.80,7.26,1.42,-9.53,-11.93,-2.72,2.98,4.56
5011,ROE,-9.87,-8.58,-0.77,-7.15,13.56,2.88,-16.17,-20.61,-4.35,5.29,7.48
5011,Revenue GR,7.20,-37.02,73.57,-20.06,-0.71,11.21,-20.06,-8.78,-13.89,9.65,-7.53
5011,Revenue GR 3Y avg,—,-4.39,11.27,-4.07,-4.08,-6.75,-14.37,-4.86,-4.42,7.34,4.19
5011,Revenue GR 5Y avg,—,-0.71,4.14,-8.43,-7.06,-5.20,-8.64,-0.58,1.32,-1.72,-1.21
5011,Revenue GR 10Y avg,—,-4.76,1.75,-3.68,-4.43,-3.22,—,—,—,—,—
5011,NP GR,—,—,—,—,—,—,—,—,—,12.06,22.13
5011,NP GR 3Y avg,—,—,—,—,11.01,-24.89,—,—,—,-5.23,-1.61
5011,NP GR 5Y avg,—,—,—,—,2.57,-14.03,—,—,—,—,—
5011,NP GR 10Y avg,0.0,0.0,0.0,0.0,0.0,0.0,0.0,0.0,0.0,0.0,0.0
5011,EPS GR,-84.12,—,—,—,406.15,—,—,—,—,-28.29,21.25
5011,EPS GR 3Y avg,—,—,—,—,—,—,—,—,—,12.05,22.13
5011,EPS GR 5Y avg,—,—,—,—,11.01,-24.90,—,—,—,-5.23,-1.61
5011,EPS GR 10Y avg,—,—,—,—,2.57,-14.04,—,—,—,—,—
5011,OCF GR,—,—,—,-19.65,—,—,—,—,—,—,—
5011,FCF GR,—,—,—,-69.59,—,—,—,—,—,—,—
5011,D/E,0.01,0.03,0.03,0.02,—,0.01,0.01,0.01,—,0.02,0.02
5011,Price,1.4600,1.2300,1.2300,1.1500,1.2300,1.0500,1.0700,1.7200,2.1400,2.0600,2.0200
5016,Year End,TTM,2020-12,2019-12,2018-12,2017-12,2016-12,2015-12,2014-12,2013-12,2012-12,2011-12
5016,Revenue,314,291,436,460,466,418,446,459,484,516,470
5016,NP,-61,-64,-7,7,5,-5,1,2,34,30,13
5016,EPS,-0.94,-0.98,-0.10,0.12,0.07,-0.08,0.02,0.03,0.01,—,0.21
5016,DPS,—,—,0.03,0.04,0.03,0.07,0.07,0.09,0.12,0.12,0.12
5016,Div Payout,—,—,—,40.2,58.1,—,—,—,25.1,26.3,59.1
5016,Shares,65,65,65,65,65,65,65,65,65,65,65
5016,BVPS,4.10,4.40,5.05,5.13,4.93,4.93,5.04,4.55,4.29,4.25,3.59
5016,OCF,73,97,137,80,111,108,68,75,42,68,40
5016,FCF,47,66,71,12,78,49,16,16,-12,10,-58
5016,NP Margin,-19.49,-21.90,-1.56,1.63,1.05,-1.21,0.27,0.39,7.08,5.74,2.91
5016,ROE,-21.11,-21.31,-2.06,2.25,1.50,-1.55,0.36,0.57,11.87,11.17,5.62
5016,Revenue GR,30.98,-33.16,-5.33,-1.17,11.49,-6.33,-2.91,-5.04,-6.35,9.78,29.30
5016,Revenue GR 3Y avg,—,-14.48,1.42,1.06,0.46,-4.77,-4.77,-0.79,9.96,19.62,8.51
5016,Revenue GR 5Y avg,—,-8.17,-1.05,-0.99,-2.05,-2.35,4.15,8.77,5.61,13.90,16.82
5016,Revenue GR 10Y avg,—,-2.20,3.74,2.26,5.63,6.81,—,—,—,—,—
5016,NP GR,—,—,—,84.88,39.86,—,-65.81,-49.31,37.25,63.21,-6.59
5016,NP GR 3Y avg,—,—,—,-26.21,-30.29,—,-38.28,-23.52,15.28,11.85,-7.46
5016,NP GR 5Y avg,—,—,—,-7.77,-11.70,—,—,—,—,—,—
5016,NP GR 10Y avg,0.0,0.0,0.0,0.0,0.0,0.0,0.0,0.0,0.0,0.0,0.0
5016,EPS GR,-22.26,—,—,53.33,—,—,—,-94.87,-98.84,116.56,3.60
5016,EPS GR 3Y avg,—,—,—,84.87,552.48,—,-65.81,-89.13,-70.40,63.73,-6.15
5016,EPS GR 5Y avg,—,—,—,85.33,-30.28,—,-38.26,-69.58,-53.96,12.38,-6.93
5016,EPS GR 10Y avg,—,—,—,-7.63,-11.48,—,—,—,—,—,—
5016,OCF GR,—,-28.89,71.74,-27.82,1.92,59.23,-9.10,78.28,-38.35,70.26,32.95
5016,FCF GR,—,-6.57,500.27,-84.92,58.44,205.35,-1.43,—,—,—,—
5016,D/E,0.04,0.04,0.05,0.05,0.14,0.21,0.18,0.18,0.14,0.21,0.34
5016,Price,1.4500,1.3500,1.7000,2.0600,2.0000,1.7200,2.4900,2.6500,2.9600,2.6100,2.4600
5021,Year End,TTM,2020-03,2019-03,2018-03,2017-03,2016-03,2015-03,2014-03,2013-03,2010-12,2009-12
5021,Revenue,722,768,599,563,530,591,564,656,649,272,226
5021,NP,-1,-11,16,24,28,8,7,13,10,82,27
5021,EPS,-0.01,-0.03,0.04,0.06,0.07,0.02,0.02,0.03,0.03,0.75,0.27
5021,DPS,—,0.01,0.01,0.01,0.01,0.02,—,0.01,0.01,0.11,0.10
5021,Div Payout,—,—,53.2,—,46.8,25.4,87.6,27.1,—,—,—
5021,Shares,380,380,380,380,380,380,380,380,371,109,103
5021,BVPS,0.68,0.69,0.72,0.67,0.61,0.58,0.55,0.54,—,—,—
5021,OCF,33,-8,-97,-47,62,77,-21,12,-50,71,—
5021,FCF,33,-8,-99,-72,52,73,-22,11,-54,66,—
5021,NP Margin,-0.15,-1.37,2.63,4.18,5.25,1.40,1.25,1.98,1.47,30.23,12.08
5021,ROE,-0.42,-3.96,5.88,9.42,12.31,3.85,3.34,6.40,9.64,32.11,13.66
5021,Revenue GR,19.51,28.17,6.55,6.12,-10.36,4.89,-14.06,1.12,—,—,—
5021,Revenue GR 3Y avg,—,13.16,0.45,-0.08,-6.86,-3.04,—,31.06,38.32,—,—
5021,Revenue GR 5Y avg,—,6.38,-1.79,-2.81,—,15.90,19.01,27.68,33.47,—,—
5021,Revenue GR 10Y avg,—,12.67,12.33,14.34,14.32,—,—,—,—,—,—
5021,NP GR,—,—,23.94,49.39,28.99,-4.69,—,-43.38,-27.62,—,—
5021,NP GR 3Y avg,—,—,3.95,19.73,—,-35.44,-22.74,-6.16,-9.49,—,—
5021,NP GR 5Y avg,—,—,-1.36,3.75,6.09,—,—,—,—,—,—
5021,NP GR 10Y avg,0.0,0.0,0.0,0.0,0.0,0.0,0.0,0.0,0.0,0.0,0.0
5021,EPS GR,-302.68,—,-33.33,-14.29,250.00,—,-33.33,16.28,—,—,—
5021,EPS GR 3Y avg,—,—,25.99,44.23,32.64,-8.14,—,-62.91,-51.19,—,—
5021,EPS GR 5Y avg,—,—,5.92,18.39,—,-49.88,-38.89,-28.64,-29.10,—,—
5021,EPS GR 10Y avg,—,—,-13.47,-8.95,-7.18,—,—,—,—,—,—
5021,OCF GR,—,—,—,—,-20.04,—,—,—,—,—,—
5021,FCF GR,—,—,—,—,-28.70,—,—,—,—,—,—
5021,D/E,0.05,0.13,—,—,0.01,0.01,0.02,0.02,0.03,—,—
5021,Price,0.3350,0.3350,0.1350,0.3300,0.3800,0.3900,0.2850,0.2600,0.3100,0.2800,0.3100
5025,Year End,TTM,2019-08,2018-08,2017-08,2016-08,2015-08,2014-08,2013-08,2012-08,2011-08,2010-08
5025,Revenue,5,7,9,16,13,18,9,4,4,9,23
5025,NP,-7,-6,-18,-12,-3,-2,-4,-3,-3,-7,-6
5025,EPS,-0.02,-0.02,-0.05,-0.03,-0.01,-0.01,-0.01,-0.01,-0.01,-0.02,-0.02
5025,DPS,—,—,—,—,—,—,—,—,—,—,—
5025,Div Payout,—,—,—,—,—,—,—,—,—,—,—
5025,Shares,431,403,385,361,320,320,320,320,320,320,320
5025,BVPS,0.06,—,—,—,—,—,—,—,—,—,—
5025,OCF,-3,-4,-4,-8,2,-1,2,—,—,1,3
5025,FCF,-4,-6,-4,-10,2,-1,1,-1,—,1,2
5025,NP Margin,-131.66,-91.82,-204.25,-74.28,-22.84,-11.62,-40.71,-62.14,-86.04,-81.00,-27.85
5025,ROE,-18.78,-18.27,-44.86,-27.53,-6.83,-4.51,-7.62,-4.94,-7.09,-14.06,-11.66
5025,Revenue GR,-48.93,-21.83,-45.23,27.11,-27.79,95.58,120.09,0.39,-52.24,-63.53,—
5025,Revenue GR 3Y avg,—,-18.35,-20.48,21.53,45.94,62.88,1.81,-44.08,-14.36,-20.35,—
5025,Revenue GR 5Y avg,—,-5.13,16.70,31.73,8.31,-5.52,6.77,-24.69,-29.90,-23.05,—
5025,Revenue GR 10Y avg,—,0.65,-6.25,-3.91,-8.71,-7.67,—,—,—,—,—
5025,NP GR,—,—,—,—,—,—,—,—,—,—,—
5025,NP GR 3Y avg,—,—,—,—,—,—,—,—,—,—,—
5025,NP GR 5Y avg,—,—,—,—,—,—,—,—,—,—,—
5025,NP GR 10Y avg,0.0,0.0,0.0,0.0,0.0,0.0,0.0,0.0,0.0,0.0,0.0
5025,EPS GR,-60.71,—,—,—,—,—,—,—,—,—,—
5025,EPS GR 3Y avg,—,—,—,—,—,—,—,—,—,—,—
5025,EPS GR 5Y avg,—,—,—,—,—,—,—,—,—,—,—
5025,EPS GR 10Y avg,—,—,—,—,—,—,—,—,—,—,—
5025,OCF GR,—,—,—,—,—,—,—,—,—,-67.53,—
5025,FCF GR,—,—,—,—,—,—,—,—,—,-74.42,—
5025,D/E,—,—,—,—,—,—,—,—,—,—,—
5025,Price,0.2200,0.2200,0.1750,0.0800,0.1100,0.1550,0.3500,0.1200,0.1200,0.1250,0.1600
5028,Year End,TTM,2020-12,2019-12,2018-12,2017-12,2016-12,2015-12,2014-12,2013-12,2012-12,2011-12
5028,Revenue,321,325,361,379,427,363,376,461,414,396,354
5028,NP,10,11,7,-27,-14,7,1,-10,-33,5,4
5028,EPS,0.10,0.11,0.07,-0.27,-0.14,0.07,0.01,-0.10,-0.33,0.04,—
5028,DPS,—,—,—,—,0.05,—,0.02,—,—,—,0.07
5028,Div Payout,—,—,—,—,59.1,—,25.5,—,—,—,404.7
5028,Shares,101,101,101,101,101,101,101,101,101,106,106
5028,BVPS,1.22,1.20,1.07,1.52,1.65,1.62,1.63,1.62,1.91,2.04,1.94
5028,OCF,12,16,-22,60,46,4,10,59,—,32,-38
5028,FCF,-10,-5,-29,24,37,-2,3,45,-13,26,-47
5028,NP Margin,3.06,3.37,2.06,-7.13,-3.28,1.98,0.25,-2.26,-7.91,1.23,1.14
5028,ROE,8.22,9.27,6.78,-21.05,-8.68,4.30,0.58,-6.19,-17.13,2.38,1.99
5028,Revenue GR,-6.26,-9.83,-4.91,-11.11,17.73,-3.63,-18.47,11.51,4.62,11.84,-18.50
5028,Revenue GR 3Y avg,—,-8.65,-0.16,0.28,-2.56,-4.31,-1.65,9.27,-1.57,-2.13,-8.32
5028,Revenue GR 5Y avg,—,-2.86,-4.80,-1.72,1.54,0.50,-2.81,1.81,-2.05,-1.38,1.09
5028,Revenue GR 10Y avg,—,-2.84,-1.55,-1.88,0.07,0.79,—,—,—,—,—
5028,NP GR,—,—,1.19,—,—,—,-42.38,—,—,-21.21,-48.53
5028,NP GR 3Y avg,—,63.72,—,—,—,12.13,-36.29,—,—,-20.50,-7.92
5028,NP GR 5Y avg,—,2.13,-2.90,—,—,1.61,—,—,—,—,—
5028,NP GR 10Y avg,0.0,0.0,0.0,0.0,0.0,0.0,0.0,0.0,0.0,0.0,0.0
5028,EPS GR,-89.15,47.68,—,—,—,669.57,—,—,—,12.82,-55.83
5028,EPS GR 3Y avg,—,—,1.21,—,—,—,-40.24,—,—,-24.28,-49.18
5028,EPS GR 5Y avg,—,63.78,—,—,—,13.13,-36.12,—,—,-22.44,-8.94
5028,EPS GR 10Y avg,—,2.28,-2.97,—,—,1.50,—,—,—,—,—
5028,OCF GR,—,—,—,31.24,—,-58.38,-83.64,—,-98.58,—,—
5028,FCF GR,—,—,—,-34.50,—,—,-93.88,—,—,—,—
5028,D/E,0.20,0.10,0.13,0.04,0.14,0.19,0.32,0.38,0.61,0.46,0.48
5028,Price,1.4600,1.5600,1.2300,0.4250,0.7000,0.5650,0.6500,0.5550,0.6600,0.8200,1.0400
5035,Year End,TTM,2020-12,2019-12,2018-12,2017-12,2016-12,2015-12,2014-12,2013-12,2012-12,2011-12
5035,Revenue,332,326,412,209,141,130,151,410,297,190,302
5035,NP,1,—,17,-30,-11,-16,2,28,23,15,60
5035,EPS,0.01,—,0.17,-0.30,-0.07,-0.16,0.02,0.28,0.23,0.15,0.56
5035,DPS,—,—,—,—,—,0.02,0.05,0.05,0.05,0.05,—
5035,Div Payout,—,—,—,—,—,—,21.0,61.4,18.9,33.3,—
5035,Shares,100,100,100,100,100,100,100,100,100,100,100
5035,BVPS,2.27,2.29,2.18,2.36,2.65,2.81,2.93,2.75,2.71,2.54,1.89
5035,OCF,7,4,16,8,16,-36,15,47,-24,-30,97
5035,FCF,6,2,16,7,15,-37,6,44,-25,-49,94
5035,NP Margin,0.20,0.09,4.05,-14.20,-8.09,-12.43,1.07,6.81,7.81,8.14,19.88
5035,ROE,0.29,0.13,7.66,-12.63,-4.27,-5.73,0.55,9.88,8.87,6.16,27.50
5035,Revenue GR,10.68,-20.89,96.70,48.71,8.49,-14.09,-63.12,37.84,56.72,-37.20,-2.64
5035,Revenue GR 3Y avg,—,32.27,46.95,11.49,-29.95,-24.13,-7.29,10.70,-1.41,-2.49,38.97
5035,Revenue GR 5Y avg,—,16.61,0.11,-6.76,-5.78,-15.54,-13.40,14.90,21.44,17.98,27.86
5035,Revenue GR 10Y avg,—,0.50,7.25,6.41,5.44,3.92,—,—,—,—,—
5035,NP GR,—,—,—,—,—,—,-52.92,-22.53,10.63,31.14,—
5035,NP GR 3Y avg,—,-28.60,-9.76,—,—,—,-37.69,32.46,—,71.45,121.18
5035,NP GR 5Y avg,—,-33.30,9.33,—,—,—,—,—,—,—,—
5035,NP GR 10Y avg,0.0,0.0,0.0,0.0,0.0,0.0,0.0,0.0,0.0,0.0,0.0
5035,EPS GR,-34.62,-98.21,—,—,—,—,-94.22,20.16,55.40,-75.10,250.09
5035,EPS GR 3Y avg,—,—,—,—,—,—,-52.38,-22.53,10.64,29.73,—
5035,EPS GR 5Y avg,—,-28.63,-9.75,—,—,—,-37.66,32.46,—,70.31,120.97
5035,EPS GR 10Y avg,—,-33.30,9.33,—,—,—,—,—,—,—,—
5035,OCF GR,—,-77.99,103.32,-49.57,—,—,-68.21,—,—,—,—
5035,FCF GR,—,-85.65,145.10,-56.43,—,—,-86.93,—,—,—,—
5035,D/E,0.02,0.03,0.02,0.01,0.01,0.01,0.01,0.01,0.01,0.01,—
5035,Price,0.8000,0.7350,0.6900,0.5000,0.9250,1.0400,1.4000,1.5300,1.8100,1.6500,1.6400
5037,Year End,TTM,2020-12,2019-12,2018-12,2017-12,2016-12,2015-12,2014-12,2013-12,2012-12,2011-12
5037,Revenue,5,4,5,19,28,79,118,129,131,524,618
5037,NP,-8,-7,-8,-6,-7,-6,1,-31,-2,-8,-24
5037,EPS,—,—,—,—,—,—,—,-0.01,—,0.02,-0.01
5037,DPS,—,—,—,—,—,—,—,—,—,—,—
5037,Div Payout,—,—,—,—,—,—,—,—,—,—,—
5037,Shares,"2,668","2,575","2,406","2,348","2,173","2,134","2,134","2,134","2,134","2,134","2,134"
5037,BVPS,0.03,0.03,0.04,0.05,0.05,0.06,0.05,0.07,0.07,0.03,0.04
5037,OCF,-6,-5,-3,2,-9,-2,-3,-3,-11,-6,4
5037,FCF,-6,-5,-3,2,-9,-2,-3,-4,-12,-7,4
5037,NP Margin,-150.25,-163.53,-179.11,-31.11,-23.63,-7.87,1.22,-23.82,-1.15,-1.48,-3.57
5037,ROE,-8.06,-7.06,-7.86,-5.48,-5.82,-5.19,1.18,-22.40,-1.42,-12.11,-27.66
5037,Revenue GR,191.21,-4.77,-76.17,-31.40,-64.51,-32.84,-8.79,-1.61,-74.96,-15.15,-3.15
5037,Revenue GR 3Y avg,—,-46.20,-61.29,-45.32,-39.87,-15.53,-39.20,-40.65,-40.96,-10.58,-3.48
5037,Revenue GR 5Y avg,—,-48.25,-48.70,-31.87,-44.31,-33.71,-28.67,-29.34,-28.18,-2.22,6.99
5037,Revenue GR 10Y avg,—,-39.24,-39.79,-30.05,-26.21,-15.78,6.83,—,—,—,—
5037,NP GR,—,—,—,—,—,—,—,—,—,—,—
5037,NP GR 3Y avg,—,—,—,—,—,—,—,—,—,—,—
5037,NP GR 5Y avg,—,—,—,—,—,—,—,—,—,—,—
5037,NP GR 10Y avg,0.0,0.0,0.0,0.0,0.0,0.0,0.0,0.0,0.0,0.0,0.0
5037,EPS GR,50.00,—,—,—,—,—,—,—,—,—,—
5037,EPS GR 3Y avg,—,—,—,—,—,—,—,—,—,—,—
5037,EPS GR 5Y avg,—,—,—,—,—,—,—,—,—,—,—
5037,EPS GR 10Y avg,—,—,—,—,—,—,—,—,—,—,—
5037,OCF GR,—,—,—,—,—,—,—,—,—,—,—
5037,FCF GR,—,—,—,—,—,—,—,—,—,—,—
5037,D/E,0.03,—,—,—,—,—,—,—,—,—,—
5037,Price,0.0200,0.0200,0.0200,0.0250,0.0300,0.0400,0.0450,0.0550,0.0550,0.0900,0.0600
5038,Year End,TTM,2020-12,2019-12,2018-12,2017-12,2016-12,2015-12,2014-12,2013-12,2012-12,2011-12
5038,Revenue,353,341,712,710,698,689,686,801,680,403,272
5038,NP,-58,-63,250,223,221,315,266,342,182,128,83
5038,EPS,-0.06,-0.06,0.25,0.22,0.22,0.31,0.27,0.39,0.22,0.17,0.11
5038,DPS,—,—,—,—,—,—,0.12,—,—,—,0.03
5038,Div Payout,—,—,—,—,—,9.3,95.8,—,—,—,15.6
5038,Shares,"1,017","1,017","1,017","1,025","1,025","1,015",979,868,810,773,773
5038,BVPS,2.97,3.03,2.91,2.65,2.42,2.12,1.95,1.91,1.67,1.43,1.12
5038,OCF,10,37,205,341,350,1,-4,122,161,192,37
5038,FCF,9,36,201,307,331,-10,-11,115,146,136,—
5038,NP Margin,-16.32,-18.63,35.09,31.43,31.62,45.64,38.78,42.73,26.70,31.72,30.51
5038,ROE,-1.89,-2.09,8.50,8.30,8.97,14.41,14.72,23.69,15.15,12.45,9.11
5038,Revenue GR,15.15,-52.17,0.29,1.82,1.23,0.43,-14.35,17.80,68.79,47.97,53.08
5038,Revenue GR 3Y avg,—,-21.25,1.11,1.16,-4.51,0.44,19.42,43.29,56.37,29.34,7.98
5038,Revenue GR 5Y avg,—,-13.07,-2.32,0.87,11.60,20.41,31.00,33.89,25.75,7.75,0.45
5038,Revenue GR 10Y avg,—,6.72,14.36,12.63,9.66,9.98,—,—,—,—,—
5038,NP GR,—,—,-7.38,-5.68,-13.63,20.11,27.69,60.33,14.27,11.83,-2.82
5038,NP GR 3Y avg,—,—,-6.10,4.22,11.53,30.51,16.94,30.23,14.94,1.58,4.25
5038,NP GR 5Y avg,—,—,10.58,9.45,6.44,16.64,—,—,—,—,—
5038,NP GR 10Y avg,0.0,0.0,0.0,0.0,0.0,0.0,0.0,0.0,0.0,0.0,0.0
5038,EPS GR,52.73,—,11.94,2.05,-30.57,13.98,-31.09,75.91,35.55,53.89,-32.76
5038,EPS GR 3Y avg,—,—,-7.44,-6.88,-18.30,11.38,18.01,54.24,11.94,8.34,-5.75
5038,EPS GR 5Y avg,—,—,-9.03,-0.42,5.40,23.58,11.20,24.84,11.80,-0.13,8.54
5038,EPS GR 10Y avg,—,—,6.57,5.51,2.60,15.81,—,—,—,—,—
5038,OCF GR,—,-82.13,-39.99,-2.61,—,—,—,-24.54,-15.89,415.99,-67.64
5038,FCF GR,—,-82.17,-34.48,-7.18,—,—,—,-21.44,7.50,—,—
5038,D/E,0.03,0.03,0.03,0.05,0.02,0.03,0.05,0.07,0.10,0.14,0.20
5038,Price,0.6550,0.6150,0.7550,0.7100,1.0700,1.0100,1.3300,1.8700,2.2000,1.4400,1.3800
5040,Year End,TTM,2018-12,2017-12,2016-12,2015-12,2014-12,2013-12,2012-12,2011-12,2010-12,2009-12
5040,Revenue,13,13,21,71,86,125,181,171,82,67,48
5040,NP,-17,-23,-9,-7,-56,-3,19,28,7,14,-24
5040,EPS,-0.03,-0.05,-0.02,-0.01,-0.12,-0.01,0.02,0.06,0.02,0.03,0.06
5040,DPS,—,—,—,—,—,0.01,0.02,—,—,—,—
5040,Div Payout,—,—,—,—,—,—,—,—,—,—,—
5040,Shares,493,493,493,480,483,480,504,488,434,427,427
5040,BVPS,0.16,—,—,—,—,—,—,—,—,—,—
5040,OCF,-7,-4,17,-3,3,-1,11,28,47,7,-3
5040,FCF,-7,-4,16,-3,1,-11,10,27,46,6,-4
5040,NP Margin,-131.94,-180.19,-41.24,-9.37,-65.05,-2.48,10.21,16.42,8.30,20.50,-48.66
5040,ROE,-13.81,-18.00,-6.06,-4.37,-30.19,-1.39,8.63,15.35,4.31,9.62,-16.52
5040,Revenue GR,304.25,-39.50,-70.02,-16.67,-31.41,-31.17,6.31,107.30,22.23,—,—
5040,Revenue GR 3Y avg,—,-46.73,-44.46,-26.72,-20.53,14.90,39.14,52.23,13.48,—,—
5040,Revenue GR 5Y avg,—,-41.02,-33.98,-2.81,4.93,20.89,26.35,18.72,-11.73,—,—
5040,Revenue GR 10Y avg,—,-13.67,-11.47,-7.38,—,—,—,—,—,—,—
5040,NP GR,—,—,—,—,—,—,10.30,—,—,—,—
5040,NP GR 3Y avg,—,—,—,—,—,—,—,—,-15.27,—,—
5040,NP GR 5Y avg,—,—,—,—,—,—,—,—,—,—,—
5040,NP GR 10Y avg,0.0,0.0,0.0,0.0,0.0,0.0,0.0,0.0,0.0,0.0,0.0
5040,EPS GR,—,—,—,—,—,—,-35.89,265.61,-51.39,—,—
5040,EPS GR 3Y avg,—,—,—,—,—,—,4.44,1.37,-31.24,—,—
5040,EPS GR 5Y avg,—,—,—,—,—,—,-5.29,—,-15.62,—,—
5040,EPS GR 10Y avg,—,—,—,—,—,—,—,—,—,—,—
5040,OCF GR,—,—,—,—,—,—,-61.52,-40.11,567.12,—,—
5040,FCF GR,—,—,—,—,—,—,-64.03,-41.40,610.02,—,—
5040,D/E,0.03,0.11,0.19,0.20,0.16,0.23,0.04,0.05,0.08,0.20,0.22
5040,Price,0.3350,0.0800,0.0650,0.2450,0.2950,0.4700,0.5000,0.5500,0.6050,0.8000,0.7000
5042,Year End,TTM,2020-06,2019-06,2016-12,2015-12,2014-12,2013-12,2012-12,2011-12,2010-12,2009-12
5042,Revenue,77,128,205,183,120,117,109,109,119,184,174
5042,NP,12,19,-26,10,4,3,5,2,-33,1,5
5042,EPS,0.07,0.11,-0.15,0.06,0.03,0.02,0.04,0.02,-0.26,0.01,0.03
5042,DPS,—,—,—,—,0.01,0.01,—,—,—,0.02,0.03
5042,Div Payout,—,—,—,—,—,—,—,—,—,—,—
5042,Shares,174,174,174,174,117,114,127,127,127,127,145
5042,BVPS,0.97,0.90,1.04,—,—,—,—,—,—,—,—
5042,OCF,-54,-14,14,-37,-34,-31,15,-6,14,26,—
5042,FCF,-54,-14,14,-39,-34,-32,6,-7,-7,26,—
5042,NP Margin,15.63,14.67,-12.65,5.68,3.07,2.19,4.35,2.17,-27.48,0.76,2.75
5042,ROE,7.40,11.46,-15.52,6.13,2.48,1.95,3.77,1.92,-23.65,0.92,3.17
5042,Revenue GR,-53.27,-37.56,—,52.19,3.17,6.56,0.68,-8.39,-35.64,—,—
5042,Revenue GR 3Y avg,—,-9.75,16.42,18.72,3.44,-0.58,-15.96,-14.46,-24.93,—,—
5042,Revenue GR 5Y avg,—,1.69,12.07,9.07,-8.18,-7.65,-17.16,-14.16,-4.30,—,—
5042,Revenue GR 10Y avg,—,-2.87,-2.95,2.16,—,—,—,—,—,—,—
5042,NP GR,—,18.34,—,29.74,16.19,—,50.11,-20.97,—,—,—
5042,NP GR 3Y avg,—,43.66,—,—,21.28,-11.74,-19.71,-16.88,—,—,—
5042,NP GR 5Y avg,—,13.92,—,3.42,—,—,—,—,—,—,—
5042,NP GR 10Y avg,0.0,0.0,0.0,0.0,0.0,0.0,0.0,0.0,0.0,0.0,0.0
5042,EPS GR,-120.00,—,—,88.01,58.42,-46.67,101.92,—,—,—,—
5042,EPS GR 3Y avg,—,18.36,—,16.68,19.49,—,50.07,-17.39,—,—,—
5042,EPS GR 5Y avg,—,35.74,—,—,23.35,-9.50,-20.04,-18.43,—,—,—
5042,EPS GR 10Y avg,—,11.91,—,-0.78,—,—,—,—,—,—,—
5042,OCF GR,—,—,—,—,—,—,—,—,-44.23,—,—
5042,FCF GR,—,—,—,—,—,—,—,—,—,—,—
5042,D/E,0.07,0.19,0.40,0.44,0.30,0.30,0.33,0.24,0.10,0.01,—
5042,Price,0.2800,0.2300,0.4300,0.4600,0.4950,0.5050,0.8700,1.1300,0.8000,0.8100,0.8500
5047,Year End,TTM,2020-12,2019-12,2018-12,2017-12,2016-12,2015-12,2014-12,2013-12,2012-12,2011-12
5047,Revenue,258,265,225,228,247,288,318,480,419,400,459
5047,NP,5,-12,-12,-48,44,51,-13,20,14,13,34
5047,EPS,0.04,-0.11,-0.13,-0.41,0.18,0.42,-0.11,0.13,-0.01,0.10,0.28
5047,DPS,—,—,—,0.01,0.01,0.01,0.01,0.02,0.01,0.04,0.04
5047,Div Payout,—,—,—,—,3.3,2.4,—,9.3,17.7,38.3,10.3
5047,Shares,117,117,117,117,117,120,120,120,120,120,120
5047,BVPS,4.01,4.13,2.18,2.59,3.30,3.13,2.49,2.41,2.36,2.48,2.23
5047,OCF,28,34,10,12,28,40,41,8,36,29,28
5047,FCF,9,14,-23,-29,12,24,-50,-70,-27,-49,16
5047,NP Margin,1.81,-4.66,-5.43,-21.12,17.69,17.58,-4.22,4.22,3.31,3.13,7.35
5047,ROE,1.01,-2.46,-3.13,-14.41,11.23,14.91,-4.46,7.00,4.77,4.21,11.95
5047,Revenue GR,-12.10,17.49,-1.34,-7.53,-14.10,-9.51,-33.74,14.50,4.66,-12.79,15.78
5047,Revenue GR 3Y avg,—,2.34,-7.81,-10.43,-19.84,-11.78,-7.40,1.48,1.86,8.34,4.53
5047,Revenue GR 5Y avg,—,-3.59,-14.02,-11.42,-9.20,-8.92,-4.32,8.79,0.84,4.99,17.43
5047,Revenue GR 10Y avg,—,-3.96,-3.28,-5.49,-2.36,3.42,—,—,—,—,—
5047,NP GR,—,—,—,—,29.21,53.90,—,-15.63,-26.45,-27.17,-5.20
5047,NP GR 3Y avg,—,—,—,—,28.37,8.44,—,-8.99,-18.92,-17.70,10.86
5047,NP GR 5Y avg,—,—,—,—,2.78,9.64,—,—,—,—,—
5047,NP GR 10Y avg,0.0,0.0,0.0,0.0,0.0,0.0,0.0,0.0,0.0,0.0,0.0
5047,EPS GR,-58.05,—,—,—,-11.72,—,—,46.02,10.73,-62.85,-3.27
5047,EPS GR 3Y avg,—,—,—,—,30.25,54.04,—,-15.62,-26.45,-27.17,-5.20
5047,EPS GR 5Y avg,—,—,—,—,29.00,8.50,—,-8.99,-18.91,-17.71,10.86
5047,EPS GR 10Y avg,—,—,—,—,3.04,9.67,—,—,—,—,—
5047,OCF GR,—,226.91,-10.82,-58.57,-31.16,-0.14,398.95,-77.62,23.33,4.92,-35.69
5047,FCF GR,—,—,—,—,-48.85,—,—,—,—,—,-49.92
5047,D/E,0.31,0.32,—,—,0.35,0.49,0.70,0.56,0.55,0.32,0.18
5047,Price,0.0000,1.9000,1.9000,1.8300,1.9500,2.2500,2.6000,2.7000,2.2500,2.0600,2.1100
