code,detail,TTM,Y1,Y2,Y3,Y4,Y5,Y6,Y7,Y8,Y9,Y10
5257,Year End,TTM,2020-06,2019-06,2018-06,2017-06,2016-06,2015-06,2014-06,2013-06,2012-06,2011-06
5257,Revenue,185,374,441,141,116,124,163,246,—,—,—
5257,NP,7,13,28,-25,-4,3,-8,22,—,—,—
5257,EPS,0.03,0.06,0.12,-0.11,-0.02,0.01,-0.04,0.13,—,—,—
5257,DPS,0.01,0.03,0.01,—,—,—,0.01,—,—,—,—
5257,Div Payout,17.6,37.8,—,—,—,—,—,—,—,—,—
5257,Shares,234,234,234,234,234,234,212,173,—,—,—
5257,BVPS,0.74,0.72,0.65,0.64,0.67,0.70,—,—,—,—,—
5257,OCF,4,68,35,-7,10,-17,65,5,—,—,—
5257,FCF,1,66,34,-8,10,-49,-17,-4,—,—,—
5257,NP Margin,3.57,3.46,6.27,-17.97,-3.69,2.79,-5.05,8.92,—,—,—
5257,ROE,3.88,8.07,19.05,-17.37,-2.65,2.14,-6.18,20.39,—,—,—
5257,Revenue GR,-57.12,-15.25,212.19,22.26,-6.43,-24.42,-33.45,—,—,—,—
5257,Revenue GR 3Y avg,—,47.89,52.85,-4.74,-22.21,—,—,—,—,—,—
5257,Revenue GR 5Y avg,—,18.00,12.43,—,—,—,—,—,—,—,—
5257,Revenue GR 10Y avg,—,—,—,—,—,—,—,—,—,—,—
5257,NP GR,—,—,100.15,—,—,—,—,—,—,—,—
5257,NP GR 3Y avg,—,—,4.80,—,—,—,—,—,—,—,—
5257,NP GR 5Y avg,—,—,—,—,—,—,—,—,—,—,—
5257,NP GR 10Y avg,0.0,0.0,0.0,0.0,0.0,0.0,0.0,0.0,0.0,0.0,0.0
5257,EPS GR,-102.52,-53.25,—,—,—,—,—,—,—,—,—
5257,EPS GR 3Y avg,—,—,99.94,—,—,—,—,—,—,—,—
5257,EPS GR 5Y avg,—,—,-1.32,—,—,—,—,—,—,—,—
5257,EPS GR 10Y avg,—,—,—,—,—,—,—,—,—,—,—
5257,OCF GR,—,92.57,—,—,—,—,—,—,—,—,—
5257,FCF GR,—,93.84,—,—,—,—,—,—,—,—,—
5257,D/E,0.13,0.20,0.24,0.38,0.41,0.50,0.19,0.31,—,—,—
5257,Price,0.6750,0.6500,0.8850,0.2700,0.3450,0.3950,0.9600,0.0000,0.0,0.0,0.0
5258,Year End,TTM,2019-12,2018-12,2017-12,2016-12,2015-12,2014-12,2013-12,2012-12,2011-12,2010-12
5258,Revenue,"3,359","3,462","2,842","2,620","2,181","2,039","2,059","2,031","1,887","1,475","1,771"
5258,NP,679,787,682,620,559,547,532,279,252,203,231
5258,EPS,0.38,0.45,0.40,0.38,0.35,0.36,0.36,0.26,0.25,0.19,0.21
5258,DPS,0.16,0.16,0.15,0.14,0.13,0.12,0.23,0.08,0.14,0.02,0.01
5258,Div Payout,42.0,35.2,35.0,34.5,33.0,41.6,27.0,44.4,60.3,6.9,—
5258,Shares,"1,793","1,759","1,690","1,634","1,586","1,541","1,494","1,081","1,112","1,112","1,112"
5258,BVPS,3.21,3.41,3.03,2.81,2.58,2.12,2.05,1.92,1.82,1.49,—
5258,OCF,57,248,"3,283",-473,"1,615","-1,144","-2,723","1,588",13,"-1,193",579
5258,FCF,-190,178,"3,134",-535,"1,572","-1,280","-2,798","1,541",-61,"-1,273",469
5258,NP Margin,20.21,22.73,24.00,23.66,25.63,26.84,25.85,13.75,13.37,13.78,13.03
5258,ROE,10.83,14.41,14.27,14.73,15.32,17.20,18.49,11.57,13.13,11.69,13.95
5258,Revenue GR,-36.95,21.84,8.48,20.11,6.95,-0.98,1.40,7.63,27.93,-16.71,—
5258,Revenue GR 3Y avg,—,16.66,11.70,8.35,2.40,2.62,11.76,4.67,22.65,11.15,—
5258,Revenue GR 5Y avg,—,10.95,6.95,6.78,8.13,2.86,15.70,13.35,4.67,—,—
5258,Revenue GR 10Y avg,—,13.41,10.26,5.67,—,—,—,—,—,—,—
5258,NP GR,—,12.07,7.61,5.20,26.02,29.45,37.84,6.56,25.53,-4.20,—
5258,NP GR 3Y avg,—,8.13,19.55,19.70,22.43,18.84,32.36,3.09,-18.89,—,—
5258,NP GR 5Y avg,—,20.21,10.62,-2.39,—,—,—,—,—,—,—
5258,NP GR 10Y avg,0.0,0.0,0.0,0.0,0.0,0.0,0.0,0.0,0.0,0.0,0.0
5258,EPS GR,7.22,10.88,6.38,7.63,-0.79,-0.31,37.93,13.86,24.15,-11.97,—
5258,EPS GR 3Y avg,—,8.28,4.34,2.11,10.91,16.12,24.93,7.56,19.43,-8.99,—
5258,EPS GR 5Y avg,—,4.66,9.33,10.82,14.03,11.34,21.53,0.29,-22.93,—,—
5258,EPS GR 10Y avg,—,13.18,4.49,-8.39,—,—,—,—,—,—,—
5258,OCF GR,—,-92.46,—,—,—,—,—,—,—,—,—
5258,FCF GR,—,-94.31,—,—,—,—,—,—,—,—,—
5258,D/E,0.46,0.42,0.43,0.59,0.50,0.59,0.43,0.45,0.19,—,—
5258,Price,4.2300,4.2600,4.4000,3.5600,4.4000,4.2200,3.8300,4.0700,4.5400,2.8100,2.0300
5263,Year End,TTM,2020-12,2019-12,2018-12,2017-12,2016-12,2015-12,2014-12,2013-12,2012-12,2011-12
5263,Revenue,"1,642","1,553","1,769","2,257","2,076","1,789","1,917","1,881","1,840","1,448",—
5263,NP,77,73,129,145,138,124,127,125,67,55,—
5263,EPS,0.06,0.06,0.10,0.11,0.10,0.10,0.10,0.13,0.05,0.04,—
5263,DPS,0.04,0.05,0.07,0.07,0.06,0.07,—,—,—,—,—
5263,Div Payout,67.3,82.6,67.3,68.0,51.5,69.6,—,—,—,—,—
5263,Shares,"1,289","1,289","1,291","1,292","1,293","1,293","1,293","1,293","1,293","1,293",—
5263,BVPS,0.51,0.47,0.46,0.43,0.42,0.35,0.33,—,—,—,—
5263,OCF,106,88,194,189,63,86,240,184,83,51,—
5263,FCF,102,84,185,133,8,66,201,138,34,-6,—
5263,NP Margin,4.67,4.69,7.31,6.41,6.64,6.91,6.63,6.64,3.64,3.78,—
5263,ROE,11.82,11.55,21.30,25.28,26.33,26.17,33.23,26.89,11.40,9.78,—
5263,Revenue GR,24.43,-12.22,-21.63,8.70,16.07,-6.68,1.92,2.24,27.00,—,—
5263,Revenue GR 3Y avg,—,-9.23,-0.38,5.59,3.35,-0.93,9.79,—,—,—,—
5263,Revenue GR 5Y avg,—,-4.13,-1.22,4.17,7.47,—,—,—,—,—,—
5263,Revenue GR 10Y avg,—,—,—,—,—,—,—,—,—,—,—
5263,NP GR,—,-19.17,1.54,4.40,3.36,22.66,32.40,—,—,—,—
5263,NP GR 3Y avg,—,-10.56,0.71,16.67,20.26,—,—,—,—,—,—
5263,NP GR 5Y avg,—,—,—,—,—,—,—,—,—,—,—
5263,NP GR 10Y avg,0.0,0.0,0.0,0.0,0.0,0.0,0.0,0.0,0.0,0.0,0.0
5263,EPS GR,23.62,-43.71,-10.54,5.07,11.62,-2.95,1.92,86.50,22.15,—,—
5263,EPS GR 3Y avg,—,-19.12,1.61,4.41,3.36,22.46,32.42,—,—,—,—
5263,EPS GR 5Y avg,—,-10.53,0.75,16.69,20.26,—,—,—,—,—,—
5263,EPS GR 10Y avg,—,—,—,—,—,—,—,—,—,—,—
5263,OCF GR,—,-54.63,2.30,201.10,-26.61,-64.27,30.29,121.23,62.88,—,—
5263,FCF GR,—,-54.43,39.24,—,-87.77,-66.86,45.43,309.67,—,—,—
5263,D/E,0.11,0.11,0.10,—,—,—,—,—,0.03,0.03,—
5263,Price,1.8000,1.8800,1.9100,1.3300,2.5100,1.7000,1.4000,0.0000,0.0,0.0,0.0
5264,Year End,TTM,2020-12,2019-12,2018-12,2017-12,2016-12,2015-12,2014-12,2013-12,2012-12,2011-12
5264,Revenue,"5,854","6,276","7,278","7,348","7,130","6,098","5,302","5,594","4,717","5,588","5,692"
5264,NP,258,287,320,274,310,355,453,342,171,468,463
5264,EPS,0.05,0.06,0.07,0.06,0.06,0.07,0.10,0.09,0.04,0.12,0.11
5264,DPS,0.07,0.07,0.06,0.06,0.06,0.06,0.05,—,—,—,—
5264,Div Payout,130.9,98.4,94.6,123.4,84.2,101.4,32.7,—,—,—,—
5264,Shares,"4,887","4,887","4,887","4,932","5,000","5,000","4,636","4,000","4,000","4,000","4,000"
5264,BVPS,1.27,1.27,1.29,1.34,1.36,1.14,1.15,—,—,—,—
5264,OCF,"1,872","2,054","2,424","2,013","2,720","2,365","1,899","2,702","1,637","2,041","2,607"
5264,FCF,"1,537","1,645","2,153","1,661","2,416","1,893",465,"1,087",-898,64,"2,519"
5264,NP Margin,4.41,4.57,4.40,3.73,4.35,5.83,8.55,6.11,3.64,8.38,8.13
5264,ROE,4.16,4.62,5.02,4.18,4.92,6.07,9.28,8.63,4.41,12.85,11.84
5264,Revenue GR,-23.83,-13.77,-0.95,3.05,16.92,15.02,-5.23,18.59,-15.57,-1.83,3.97
5264,Revenue GR 3Y avg,—,-4.16,6.07,11.49,8.42,8.94,-1.73,-0.57,-4.84,1.98,3.58
5264,Revenue GR 5Y avg,—,3.43,5.40,9.27,5.00,1.39,-0.64,1.21,-1.63,15.64,—
5264,Revenue GR 10Y avg,—,1.38,3.28,3.68,10.19,—,—,—,—,—,—
5264,NP GR,—,-2.58,-3.43,-15.40,-3.18,27.48,-1.08,-9.63,-19.27,24.30,49.40
5264,NP GR 3Y avg,—,-8.76,-1.29,9.85,-7.92,-5.14,6.80,6.98,4.34,16.59,—
5264,NP GR 5Y avg,—,-1.28,2.76,7.06,3.62,—,—,—,—,—,—
5264,NP GR 10Y avg,0.0,0.0,0.0,0.0,0.0,0.0,0.0,0.0,0.0,0.0,0.0
5264,EPS GR,-31.87,-10.53,16.13,-9.03,-12.80,-27.30,14.54,99.04,-63.35,1.16,41.92
5264,EPS GR 3Y avg,—,-1.86,-2.70,-16.76,-10.12,18.34,-5.81,-9.63,-19.27,24.30,49.40
5264,EPS GR 5Y avg,—,-9.74,-5.16,5.62,-11.94,-9.28,3.71,6.98,4.34,16.59,—
5264,EPS GR 10Y avg,—,-3.25,0.72,4.98,1.33,—,—,—,—,—,—
5264,OCF GR,—,-15.26,20.42,-26.00,15.05,24.50,-29.71,65.09,-19.80,-21.73,53.33
5264,FCF GR,—,-23.60,29.61,-31.23,27.65,306.98,-57.24,—,—,-97.45,61.22
5264,D/E,1.55,1.59,1.72,2.06,2.12,2.64,2.86,4.42,4.20,3.71,3.13
5264,Price,0.8650,0.8950,0.8700,0.8000,0.9800,1.3700,1.6000,0.0000,0.0,0.0,0.0
5269,Year End,TTM,2020-12,2019-12,2018-12,2017-12,2016-12,2015-12,2014-12,2013-12,2012-12,2011-12
5269,Revenue,83,86,95,82,80,71,—,—,—,—,—
5269,NP,-15,-14,36,40,41,47,—,—,—,—,—
5269,EPS,-0.03,-0.02,0.06,0.07,0.07,0.08,—,—,—,—,—
5269,DPS,0.01,0.02,0.06,0.06,0.03,0.01,—,—,—,—,—
5269,Div Payout,—,74.4,78.2,79.2,36.6,—,—,—,—,—,—
5269,Shares,581,580,580,580,580,580,—,—,—,—,—
5269,BVPS,1.03,1.08,1.07,1.05,1.03,1.02,—,—,—,—,—
5269,OCF,22,28,63,52,48,53,—,—,—,—,—
5269,FCF,24,28,63,52,47,53,—,—,—,—,—
5269,NP Margin,-18.29,-15.71,38.09,49.06,50.74,65.84,—,—,—,—,—
5269,ROE,-2.49,-2.22,5.81,6.51,6.61,7.78,—,—,—,—,—
5269,Revenue GR,-10.92,-9.28,15.53,2.65,12.91,—,—,—,—,—,—
5269,Revenue GR 3Y avg,—,2.47,10.22,—,—,—,—,—,—,—,—
5269,Revenue GR 5Y avg,—,—,—,—,—,—,—,—,—,—,—
5269,Revenue GR 10Y avg,—,—,—,—,—,—,—,—,—,—,—
5269,NP GR,—,—,-8.16,—,—,—,—,—,—,—,—
5269,NP GR 3Y avg,—,—,—,—,—,—,—,—,—,—,—
5269,NP GR 5Y avg,—,—,—,—,—,—,—,—,—,—,—
5269,NP GR 10Y avg,0.0,0.0,0.0,0.0,0.0,0.0,0.0,0.0,0.0,0.0,0.0
5269,EPS GR,-23.73,—,-10.36,-0.71,-13.04,—,—,—,—,—,—
5269,EPS GR 3Y avg,—,—,-8.19,—,—,—,—,—,—,—,—
5269,EPS GR 5Y avg,—,—,—,—,—,—,—,—,—,—,—
5269,EPS GR 10Y avg,—,—,—,—,—,—,—,—,—,—,—
5269,OCF GR,—,-55.15,20.59,9.70,-9.56,—,—,—,—,—,—
5269,FCF GR,—,-55.20,21.18,9.87,-10.12,—,—,—,—,—,—
5269,D/E,0.98,0.97,0.14,0.82,0.56,0.57,—,—,—,—,—
5269,Price,0.6000,0.5500,0.8100,0.8050,1.0000,1.0700,0.9300,0.0000,0.0,0.0,0.0
5271,Year End,TTM,2020-06,2019-06,2018-06,2017-06,2016-06,2015-06,2014-06,2013-06,2012-06,2011-06
5271,Revenue,130,105,131,113,122,126,130,—,—,—,—
5271,NP,18,8,17,10,15,15,18,—,—,—,—
5271,EPS,0.10,0.04,0.09,0.05,0.07,0.09,0.12,—,—,—,—
5271,DPS,0.02,0.06,0.05,0.05,0.04,0.02,—,—,—,—,—
5271,Div Payout,15.1,137.6,33.8,89.3,77.8,—,—,—,—,—,—
5271,Shares,188,193,195,197,200,160,149,—,—,—,—
5271,BVPS,0.91,0.87,0.86,0.83,0.81,—,—,—,—,—,—
5271,OCF,-2,4,12,17,15,23,9,—,—,—,—
5271,FCF,-9,1,10,10,10,19,6,—,—,—,—
5271,NP Margin,14.19,8.02,12.65,9.07,12.02,11.51,13.85,—,—,—,—
5271,ROE,11.19,5.23,10.22,6.32,9.16,12.82,25.71,—,—,—,—
5271,Revenue GR,83.22,-20.35,16.60,-7.77,-3.27,-2.50,—,—,—,—,—
5271,Revenue GR 3Y avg,—,-5.03,1.32,-4.54,—,—,—,—,—,—,—
5271,Revenue GR 5Y avg,—,-4.18,—,—,—,—,—,—,—,—,—
5271,Revenue GR 10Y avg,—,—,—,—,—,—,—,—,—,—,—
5271,NP GR,—,-17.02,4.57,-17.11,—,—,—,—,—,—,—
5271,NP GR 3Y avg,—,-14.11,—,—,—,—,—,—,—,—,—
5271,NP GR 5Y avg,—,—,—,—,—,—,—,—,—,—,—
5271,NP GR 10Y avg,0.0,0.0,0.0,0.0,0.0,0.0,0.0,0.0,0.0,0.0,0.0
5271,EPS GR,—,-48.95,64.25,-29.45,-19.23,-24.45,—,—,—,—,—
5271,EPS GR 3Y avg,—,-16.05,-2.18,-24.49,—,—,—,—,—,—,—
5271,EPS GR 5Y avg,—,-18.44,—,—,—,—,—,—,—,—,—
5271,EPS GR 10Y avg,—,—,—,—,—,—,—,—,—,—,—
5271,OCF GR,—,-69.38,-29.97,13.79,-35.10,149.81,—,—,—,—,—
5271,FCF GR,—,-87.74,-5.33,5.02,-49.13,229.12,—,—,—,—,—
5271,D/E,—,—,—,—,—,—,0.16,—,—,—,—
5271,Price,2.8600,0.9100,1.1600,0.8700,1.6100,1.6000,0.0000,0.0,0.0,0.0,0.0
5272,Year End,TTM,2020-12,2019-12,2018-12,2017-12,2016-12,2015-12,2014-12,2013-12,2012-12,2011-12
5272,Revenue,"1,474","1,478","1,630","1,560","1,479","1,455","1,315","1,294",55,118,186
5272,NP,26,36,81,42,72,72,22,91,-39,-39,-4
5272,EPS,0.02,0.03,0.06,0.04,0.07,0.06,0.03,0.13,-0.05,-0.05,-0.01
5272,DPS,0.02,0.03,0.04,0.07,0.04,0.03,—,—,—,—,—
5272,Div Payout,82.2,61.2,86.0,94.6,76.0,—,—,—,—,—,—
5272,Shares,"1,077","1,078","1,077","1,087","1,087","1,007",693,695,775,775,776
5272,BVPS,0.43,0.55,0.53,0.54,0.55,0.53,0.16,0.13,0.18,0.17,0.23
5272,OCF,155,123,350,154,295,150,363,440,18,21,6
5272,FCF,75,42,277,116,209,106,321,410,11,12,-1
5272,NP Margin,1.74,2.47,4.98,2.71,4.89,4.96,1.70,7.01,-70.82,-32.90,-2.08
5272,ROE,4.85,6.98,14.34,7.48,12.46,19.19,4.54,19.80,-31.76,-24.33,-2.13
5272,Revenue GR,-1.23,-9.29,4.49,5.49,1.63,10.64,1.61,2254.16,-53.48,-36.41,6.47
5272,Revenue GR 3Y avg,—,-0.01,3.85,5.85,4.54,198.00,123.25,90.96,-31.96,-11.50,5.44
5272,Revenue GR 5Y avg,—,2.37,4.72,95.24,65.75,50.92,49.76,49.99,-19.09,-5.88,9.50
5272,Revenue GR 10Y avg,—,23.82,25.32,25.69,24.90,28.55,—,—,—,—,—
5272,NP GR,—,-20.40,4.02,23.71,-7.29,—,—,—,—,—,—
5272,NP GR 3Y avg,—,10.31,-2.22,—,—,—,—,93.87,—,—,—
5272,NP GR 5Y avg,—,—,37.68,14.33,18.59,42.32,—,—,—,—,—
5272,NP GR 10Y avg,0.0,0.0,0.0,0.0,0.0,0.0,0.0,0.0,0.0,0.0,0.0
5272,EPS GR,-59.41,-54.55,82.40,-37.50,-11.11,125.00,-75.00,—,—,—,—
5272,EPS GR 3Y avg,—,-19.68,0.44,7.72,-20.63,—,—,—,—,—,—
5272,EPS GR 5Y avg,—,0.71,-10.63,—,—,—,—,97.92,—,—,—
5272,EPS GR 10Y avg,—,—,32.99,11.37,15.38,40.30,—,—,—,—,—
5272,OCF GR,—,-64.86,127.28,-47.75,96.18,-58.62,-17.56,—,-14.73,254.72,-27.08
5272,FCF GR,—,-84.72,138.78,-44.36,97.52,-67.11,-21.61,—,-13.02,—,—
5272,D/E,2.00,2.12,1.84,2.67,1.79,2.00,6.49,1.11,—,—,0.11
5272,Price,0.8200,0.9050,1.0700,1.2000,0.8000,0.0000,0.0,0.0,0.0,0.0,0.0
5273,Year End,TTM,2020-12,2019-12,2018-12,2017-12,2016-12,2015-12,2014-12,2013-12,2012-12,2011-12
5273,Revenue,"1,020",969,"1,056","1,105","1,015","1,059","1,199",—,—,—,—
5273,NP,35,21,18,23,30,41,30,—,—,—,—
5273,EPS,0.05,0.03,0.02,0.03,0.04,0.05,0.05,—,—,—,—
5273,DPS,0.01,0.01,0.02,0.01,0.03,0.01,—,—,—,—,—
5273,Div Payout,26.0,93.5,56.4,33.0,52.2,21.1,—,—,—,—,—
5273,Shares,826,824,825,835,786,743,664,—,—,—,—
5273,BVPS,0.56,0.54,0.52,0.50,0.48,0.41,—,—,—,—,—
5273,OCF,102,30,15,-69,39,6,40,—,—,—,—
5273,FCF,89,17,-30,-125,-34,-58,20,—,—,—,—
5273,NP Margin,3.43,2.19,1.71,2.08,2.93,3.91,2.52,—,—,—,—
5273,ROE,7.89,4.87,4.30,5.63,8.22,14.15,11.57,—,—,—,—
5273,Revenue GR,20.14,-8.30,-4.43,8.86,-4.10,-11.70,—,—,—,—,—
5273,Revenue GR 3Y avg,—,-1.56,-0.07,-2.68,—,—,—,—,—,—,—
5273,Revenue GR 5Y avg,—,-4.18,—,—,—,—,—,—,—,—,—
5273,Revenue GR 10Y avg,—,—,—,—,—,—,—,—,—,—,—
5273,NP GR,—,-10.59,-24.19,-8.77,—,—,—,—,—,—,—
5273,NP GR 3Y avg,—,-6.79,—,—,—,—,—,—,—,—,—
5273,NP GR 5Y avg,—,—,—,—,—,—,—,—,—,—,—
5273,NP GR 10Y avg,0.0,0.0,0.0,0.0,0.0,0.0,0.0,0.0,0.0,0.0,0.0
5273,EPS GR,—,33.33,-25.00,-33.33,-25.00,14.29,—,—,—,—,—
5273,EPS GR 3Y avg,—,-12.64,-27.89,-17.02,—,—,—,—,—,—,—
5273,EPS GR 5Y avg,—,-10.59,—,—,—,—,—,—,—,—,—
5273,EPS GR 10Y avg,—,—,—,—,—,—,—,—,—,—,—
5273,OCF GR,—,94.29,—,—,547.00,-84.79,—,—,—,—,—
5273,FCF GR,—,—,—,—,—,—,—,—,—,—,—
5273,D/E,0.14,0.16,0.19,0.23,0.17,0.12,0.31,—,—,—,—
5273,Price,1.2100,1.4100,0.7200,0.7250,1.2100,0.8700,0.0000,0.0000,0.0,0.0,0.0
5274,Year End,TTM,2020-06,2019-06,2018-06,2017-06,2016-06,2015-06,2014-06,2013-06,2012-06,2011-06
5274,Revenue,332,232,199,196,202,171,183,190,189,137,127
5274,NP,169,94,68,71,79,62,76,119,90,37,39
5274,EPS,0.70,0.39,0.28,0.29,0.33,0.26,0.32,0.49,0.38,0.17,0.16
5274,DPS,0.23,0.22,0.19,0.19,0.12,0.09,0.15,—,—,—,—
5274,Div Payout,32.6,—,—,—,—,—,—,—,—,—,—
5274,Shares,239,241,241,241,241,241,241,239,239,235,235
5274,BVPS,3.64,—,—,—,—,—,—,2.31,1.80,1.49,1.38
5274,OCF,-101,134,39,11,382,-13,-174,650,270,-27,-104
5274,FCF,-104,131,33,-2,379,-21,-179,648,268,-29,-109
5274,NP Margin,50.84,40.55,34.09,36.48,39.24,36.10,41.69,62.58,47.86,26.98,30.22
5274,ROE,20.16,11.50,8.66,9.44,10.94,9.14,12.15,21.92,20.84,10.20,11.96
5274,Revenue GR,89.06,16.96,1.59,-2.99,17.57,-6.39,-3.54,0.71,37.65,7.44,—
5274,Revenue GR 3Y avg,—,4.85,5.03,2.21,2.01,-3.12,10.17,14.20,30.17,31.57,—
5274,Revenue GR 5Y avg,—,4.87,0.91,0.73,8.03,6.10,16.47,25.85,21.17,3.23,—
5274,Revenue GR 10Y avg,—,10.52,12.69,10.48,5.60,7.24,—,—,—,—,—
5274,NP GR,—,6.00,3.05,-2.24,-12.69,-11.81,27.36,45.56,84.98,43.62,—
5274,NP GR 3Y avg,—,4.29,-10.64,-4.59,16.44,9.94,39.88,56.95,27.17,7.36,—
5274,NP GR 5Y avg,—,20.78,18.43,10.15,11.81,12.91,—,—,—,—,—
5274,NP GR 10Y avg,0.0,0.0,0.0,0.0,0.0,0.0,0.0,0.0,0.0,0.0,0.0
5274,EPS GR,273.91,38.79,-5.07,-9.76,28.13,-19.24,-36.22,29.43,144.59,-4.27,—
5274,EPS GR 3Y avg,—,5.94,3.15,-2.26,-12.94,-12.64,26.39,44.71,85.66,14.72,—
5274,EPS GR 5Y avg,—,4.23,-10.78,-5.07,15.88,9.31,39.50,36.73,11.48,-5.83,—
5274,EPS GR 10Y avg,—,20.58,10.45,2.87,4.46,5.58,—,—,—,—,—
5274,OCF GR,—,246.14,239.51,-97.02,—,—,—,140.60,—,—,—
5274,FCF GR,—,302.13,—,—,—,—,—,141.81,—,—,—
5274,D/E,0.14,0.14,0.19,0.07,0.07,0.07,0.08,—,—,0.43,0.05
5274,Price,5.9300,9.3800,9.6000,9.7900,9.9800,10.1000,10.2000,14.4000,5.5000,1.1400,1.4200
5276,Year End,TTM,2020-12,2019-12,2018-12,2017-12,2016-12,2015-12,2014-12,2013-12,2012-12,2011-12
5276,Revenue,140,119,81,79,64,60,68,—,—,—,—
5276,NP,16,16,14,15,11,13,11,—,—,—,—
5276,EPS,0.03,0.04,0.04,0.04,0.03,0.05,0.04,—,—,—,—
5276,DPS,0.02,0.02,0.02,0.01,0.01,0.01,—,—,—,—,—
5276,Div Payout,51.3,39.8,44.8,30.0,53.6,—,—,—,—,—,—
5276,Shares,359,358,356,342,346,285,250,—,—,—,—
5276,BVPS,0.45,0.44,0.41,0.38,0.35,—,—,—,—,—,—
5276,OCF,8,13,18,6,9,13,12,—,—,—,—
5276,FCF,8,13,18,6,3,12,12,—,—,—,—
5276,NP Margin,11.10,13.28,17.63,18.95,16.84,21.42,16.10,—,—,—,—
5276,ROE,11.59,11.72,11.57,13.30,10.28,14.68,14.91,—,—,—,—
5276,Revenue GR,108.29,46.86,2.26,24.06,6.25,-12.09,—,—,—,—,—
5276,Revenue GR 3Y avg,—,23.05,10.46,5.03,—,—,—,—,—,—,—
5276,Revenue GR 5Y avg,—,11.72,—,—,—,—,—,—,—,—,—
5276,Revenue GR 10Y avg,—,—,—,—,—,—,—,—,—,—,—
5276,NP GR,—,13.69,3.52,10.91,—,—,—,—,—,—,—
5276,NP GR 3Y avg,—,7.51,—,—,—,—,—,—,—,—,—
5276,NP GR 5Y avg,—,—,—,—,—,—,—,—,—,—,—
5276,NP GR 10Y avg,0.0,0.0,0.0,0.0,0.0,0.0,0.0,0.0,0.0,0.0,0.0
5276,EPS GR,-11.11,—,—,—,-11.11,—,—,—,—,—,—
5276,EPS GR 3Y avg,—,—,-3.85,-3.85,—,—,—,—,—,—,—
5276,EPS GR 5Y avg,—,-2.33,—,—,—,—,—,—,—,—,—
5276,EPS GR 10Y avg,—,—,—,—,—,—,—,—,—,—,—
5276,OCF GR,—,-27.52,188.93,-31.34,-29.55,9.84,—,—,—,—,—
5276,FCF GR,—,-26.92,209.61,84.01,-74.06,2.93,—,—,—,—,—
5276,D/E,0.06,0.06,0.01,0.01,0.01,0.02,0.11,—,—,—,—
5276,Price,0.6150,0.6300,0.5050,0.4500,0.4250,1.4900,0.0000,0.0,0.0,0.0,0.0
5277,Year End,TTM,2020-06,2019-06,2018-06,2017-06,2016-06,2015-06,2014-06,2013-06,2012-06,2011-06
5277,Revenue,49,51,45,36,36,44,34,30,—,—,—
5277,NP,13,16,12,8,10,16,13,9,—,—,—
5277,EPS,0.02,0.03,0.02,0.01,0.02,0.04,0.03,0.02,—,—,—
5277,DPS,0.01,0.01,0.01,0.01,0.01,—,—,—,—,—,—
5277,Div Payout,21.6,41.4,105.8,44.5,—,—,—,—,—,—,—
5277,Shares,543,539,522,518,490,457,518,518,—,—,—
5277,BVPS,0.19,0.17,0.14,0.14,0.13,—,—,—,—,—,—
5277,OCF,24,23,10,5,10,17,14,9,—,—,—
5277,FCF,20,17,3,2,10,15,11,8,—,—,—
5277,NP Margin,25.67,31.46,26.27,21.18,28.42,37.25,37.53,30.50,—,—,—
5277,ROE,13.03,18.23,15.64,10.89,15.92,39.24,63.48,51.81,—,—,—
5277,Revenue GR,11.53,13.59,26.49,-1.18,-18.47,28.33,13.79,—,—,—,—
5277,Revenue GR 3Y avg,—,12.39,0.63,1.12,5.99,—,—,—,—,—,—
5277,Revenue GR 5Y avg,—,8.23,8.27,—,—,—,—,—,—,—,—
5277,Revenue GR 10Y avg,—,—,—,—,—,—,—,—,—,—,—
5277,NP GR,—,16.26,-10.43,-16.43,3.53,—,—,—,—,—,—
5277,NP GR 3Y avg,—,4.49,5.09,—,—,—,—,—,—,—,—
5277,NP GR 5Y avg,—,—,—,—,—,—,—,—,—,—,—
5277,NP GR 10Y avg,0.0,0.0,0.0,0.0,0.0,0.0,0.0,0.0,0.0,0.0,0.0
5277,EPS GR,3.45,31.86,55.86,-30.48,-34.25,13.63,40.03,—,—,—,—
5277,EPS GR 3Y avg,—,12.63,-10.69,-19.62,1.51,—,—,—,—,—,—
5277,EPS GR 5Y avg,—,1.31,2.54,—,—,—,—,—,—,—,—
5277,EPS GR 10Y avg,—,—,—,—,—,—,—,—,—,—,—
5277,OCF GR,—,141.68,78.51,-44.01,-41.67,19.15,62.77,—,—,—,—
5277,FCF GR,—,491.66,30.18,-76.80,-37.72,40.60,33.13,—,—,—,—
5277,D/E,—,—,—,—,—,—,—,—,—,—,—
5277,Price,0.7900,0.7800,0.3250,0.2950,0.8550,0.0000,0.0,0.0,0.0,0.0,0.0
5278,Year End,TTM,2020-12,2019-12,2018-12,2017-12,2016-12,2015-12,2014-12,2013-12,2012-12,2011-12
5278,Revenue,147,147,119,135,137,119,107,92,84,—,—
5278,NP,7,7,9,10,14,9,13,18,13,—,—
5278,EPS,0.04,0.04,0.05,0.06,0.08,0.07,0.09,0.10,0.07,—,—
5278,DPS,0.01,0.01,0.03,0.05,0.04,—,—,—,—,—,—
5278,Div Payout,28.2,27.4,63.1,73.1,57.9,—,—,—,—,—,—
5278,Shares,220,195,182,182,182,138,182,176,173,—,—
5278,BVPS,0.63,0.60,0.58,0.56,0.54,0.36,—,—,—,—,—
5278,OCF,17,17,7,7,5,7,8,—,—,—,—
5278,FCF,11,11,-8,-5,-4,7,2,—,—,—,—
5278,NP Margin,5.31,4.97,7.25,7.44,10.11,7.69,12.20,19.21,15.04,—,—
5278,ROE,6.75,6.29,8.17,9.74,14.07,12.16,23.43,—,—,—,—
5278,Revenue GR,11.36,23.20,-11.96,-1.64,15.35,11.67,16.61,9.33,—,—,—
5278,Revenue GR 3Y avg,—,2.18,-0.04,8.21,14.53,12.50,—,—,—,—,—
5278,Revenue GR 5Y avg,—,6.56,5.40,10.07,—,—,—,—,—,—,—
5278,Revenue GR 10Y avg,—,—,—,—,—,—,—,—,—,—,—
5278,NP GR,—,-19.39,-1.96,-8.23,-7.52,-10.05,—,—,—,—,—
5278,NP GR 3Y avg,—,-10.97,-13.25,-4.38,—,—,—,—,—,—,—
5278,NP GR 5Y avg,—,—,—,—,—,—,—,—,—,—,—
5278,NP GR 10Y avg,0.0,0.0,0.0,0.0,0.0,0.0,0.0,0.0,0.0,0.0,0.0
5278,EPS GR,-15.08,-21.31,-13.96,-27.69,14.64,-8.63,-27.27,37.50,—,—,—
5278,EPS GR 3Y avg,—,-21.18,-10.65,-8.84,-8.67,-2.96,—,—,—,—,—
5278,EPS GR 5Y avg,—,-12.50,-13.87,-5.40,—,—,—,—,—,—,—
5278,EPS GR 10Y avg,—,—,—,—,—,—,—,—,—,—,—
5278,OCF GR,—,128.30,7.12,52.88,-34.73,-8.32,—,—,—,—,—
5278,FCF GR,—,—,—,—,—,230.75,—,—,—,—,—
5278,D/E,0.23,0.25,0.23,0.12,0.07,0.04,0.09,—,—,—,—
5278,Price,0.7300,0.8050,0.6650,0.8350,0.9650,0.9850,0.0000,0.0,0.0,0.0,0.0
5279,Year End,TTM,2019-12,2018-12,2017-12,2016-12,2015-12,2014-12,2013-12,2012-12,2011-12,2010-12
5279,Revenue,"5,559","4,529","3,283","2,722",—,"1,403",756,536,—,—,—
5279,NP,570,497,391,308,—,157,64,59,—,—,—
5279,EPS,0.18,0.16,0.13,0.11,—,0.06,0.02,0.02,—,—,—
5279,DPS,0.05,0.05,0.03,0.02,—,—,—,—,—,—,—
5279,Div Payout,27.4,—,—,—,—,—,—,—,—,—,—
5279,Shares,"3,084","3,084","3,062","2,744","2,804","2,804","2,804","2,804",—,—,—
5279,BVPS,1.04,—,—,—,—,—,—,—,—,—,—
5279,OCF,175,221,83,85,—,159,51,-9,—,—,—
5279,FCF,-967,-569,-469,-174,—,-55,-11,-33,—,—,—
5279,NP Margin,10.26,10.97,11.92,11.32,—,11.17,8.45,10.94,—,—,—
5279,ROE,20.75,21.97,22.55,28.10,—,42.54,28.14,31.82,—,—,—
5279,Revenue GR,1.74,37.93,20.60,—,—,85.63,40.95,—,—,—,—
5279,Revenue GR 3Y avg,—,—,32.77,53.29,—,—,—,—,—,—,—
5279,Revenue GR 5Y avg,—,43.06,43.68,—,—,—,—,—,—,—,—
5279,Revenue GR 10Y avg,—,—,—,—,—,—,—,—,—,—,—
5279,NP GR,—,—,35.68,68.95,—,—,—,—,—,—,—
5279,NP GR 3Y avg,—,50.71,46.17,—,—,—,—,—,—,—,—
5279,NP GR 5Y avg,—,—,—,—,—,—,—,—,—,—,—
5279,NP GR 10Y avg,0.0,0.0,0.0,0.0,0.0,0.0,0.0,0.0,0.0,0.0,0.0
5279,EPS GR,-33.14,25.92,13.87,—,—,145.34,8.87,—,—,—,—
5279,EPS GR 3Y avg,—,—,31.75,70.17,—,—,—,—,—,—,—
5279,EPS GR 5Y avg,—,47.85,43.61,—,—,—,—,—,—,—,—
5279,EPS GR 10Y avg,—,—,—,—,—,—,—,—,—,—,—
5279,OCF GR,—,165.48,-2.45,—,—,209.64,—,—,—,—,—
5279,FCF GR,—,—,—,—,—,—,—,—,—,—,—
5279,D/E,0.86,1.21,0.53,0.02,0.02,0.07,0.08,0.15,—,—,—
5279,Price,1.7000,1.7600,2.2000,3.7800,3.2400,0.0000,0.0000,0.0,0.0,0.0,0.0
5280,Year End,TTM,2020-06,2019-06,2018-06,2017-06,2016-06,2015-06,2014-06,2013-06,2012-06,2011-06
5280,Revenue,72,75,63,63,—,—,—,—,—,—,—
5280,NP,21,32,34,38,—,—,—,—,—,—,—
5280,EPS,0.04,0.06,0.07,0.07,—,—,—,—,—,—,—
5280,DPS,0.06,0.06,0.06,0.07,—,—,—,—,—,—,—
5280,Div Payout,149.2,64.3,95.2,—,—,—,—,—,—,—,—
5280,Shares,505,505,505,505,—,—,—,—,—,—,—
5280,BVPS,1.01,1.03,1.00,1.00,—,—,—,—,—,—,—
5280,OCF,49,44,23,41,—,—,—,—,—,—,—
5280,FCF,48,43,22,39,—,—,—,—,—,—,—
5280,NP Margin,29.21,42.77,53.99,59.91,—,—,—,—,—,—,—
5280,ROE,4.05,6.26,6.70,7.44,—,—,—,—,—,—,—
5280,Revenue GR,-7.33,18.20,0.47,—,—,—,—,—,—,—,—
5280,Revenue GR 3Y avg,—,—,—,—,—,—,—,—,—,—,—
5280,Revenue GR 5Y avg,—,—,—,—,—,—,—,—,—,—,—
5280,Revenue GR 10Y avg,—,—,—,—,—,—,—,—,—,—,—
5280,NP GR,—,—,—,—,—,—,—,—,—,—,—
5280,NP GR 3Y avg,—,—,—,—,—,—,—,—,—,—,—
5280,NP GR 5Y avg,—,—,—,—,—,—,—,—,—,—,—
5280,NP GR 10Y avg,0.0,0.0,0.0,0.0,0.0,0.0,0.0,0.0,0.0,0.0,0.0
5280,EPS GR,-7.22,-6.36,-9.47,—,—,—,—,—,—,—,—
5280,EPS GR 3Y avg,—,—,—,—,—,—,—,—,—,—,—
5280,EPS GR 5Y avg,—,—,—,—,—,—,—,—,—,—,—
5280,EPS GR 10Y avg,—,—,—,—,—,—,—,—,—,—,—
5280,OCF GR,—,89.57,-43.85,—,—,—,—,—,—,—,—
5280,FCF GR,—,93.90,-43.92,—,—,—,—,—,—,—,—
5280,D/E,0.60,0.61,0.18,0.17,—,—,—,—,—,—,—
5280,Price,0.8800,0.7950,0.8400,0.8000,0.9200,0.0000,0.0,0.0,0.0,0.0,0.0
5281,Year End,TTM,2020-12,2019-12,2018-12,2017-12,2016-12,2015-12,2014-12,2013-12,2012-12,2011-12
5281,Revenue,249,250,302,273,266,235,—,—,—,—,—
5281,NP,1,2,11,11,18,26,—,—,—,—,—
5281,EPS,—,0.01,0.03,0.03,0.05,0.08,—,—,—,—,—
5281,DPS,0.01,0.01,0.01,0.01,0.01,—,—,—,—,—,—
5281,Div Payout,384.6,240.0,36.1,—,—,—,—,—,—,—,—
5281,Shares,401,400,404,402,356,312,—,—,—,—,—
5281,BVPS,0.47,0.46,0.48,0.46,—,—,—,—,—,—,—
5281,OCF,33,20,13,3,20,23,—,—,—,—,—
5281,FCF,32,18,9,-13,2,21,—,—,—,—,—
5281,NP Margin,0.40,0.84,3.58,3.89,6.94,11.27,—,—,—,—,—
5281,ROE,0.52,1.11,5.79,5.96,13.18,25.04,—,—,—,—,—
5281,Revenue GR,-1.87,-17.20,10.80,2.58,13.35,—,—,—,—,—,—
5281,Revenue GR 3Y avg,—,-2.00,8.81,—,—,—,—,—,—,—,—
5281,Revenue GR 5Y avg,—,—,—,—,—,—,—,—,—,—,—
5281,Revenue GR 10Y avg,—,—,—,—,—,—,—,—,—,—,—
5281,NP GR,—,-51.54,-25.75,—,—,—,—,—,—,—,—
5281,NP GR 3Y avg,—,—,—,—,—,—,—,—,—,—,—
5281,NP GR 5Y avg,—,—,—,—,—,—,—,—,—,—,—
5281,NP GR 10Y avg,0.0,0.0,0.0,0.0,0.0,0.0,0.0,0.0,0.0,0.0,0.0
5281,EPS GR,-50.00,-80.22,1.52,-49.03,-38.84,—,—,—,—,—,—
5281,EPS GR 3Y avg,—,-53.23,-31.86,—,—,—,—,—,—,—,—
5281,EPS GR 5Y avg,—,—,—,—,—,—,—,—,—,—,—
5281,EPS GR 10Y avg,—,—,—,—,—,—,—,—,—,—,—
5281,OCF GR,—,57.56,274.82,-83.43,-12.76,—,—,—,—,—,—
5281,FCF GR,—,90.06,—,—,-88.37,—,—,—,—,—,—
5281,D/E,0.27,0.30,0.32,0.43,0.37,0.40,—,—,—,—,—
5281,Price,0.3900,0.3950,0.3850,0.3000,0.8550,0.0000,0.0,0.0,0.0,0.0,0.0
5283,Year End,TTM,2020-10,2019-10,2018-10,2017-10,2016-10,2015-10,2014-10,2013-10,2012-10,2011-10
5283,Revenue,"1,084",673,—,5,—,1,—,—,—,—,—
5283,NP,122,80,187,35,-88,-238,-2,—,—,—,—
5283,EPS,0.05,0.03,0.08,—,-0.06,-0.09,—,—,—,—,—
5283,DPS,0.01,—,—,—,—,—,—,—,—,—,—
5283,Div Payout,19.6,—,—,—,—,—,—,—,—,—,—
5283,Shares,"2,400","2,400","2,400","2,400","1,521","2,400","2,400","2,400",—,—,—
5283,BVPS,1.25,1.18,0.99,1.01,1.08,—,—,—,—,—,—
5283,OCF,913,318,-584,-186,-90,-52,—,-1,—,—,—
5283,FCF,911,317,-584,-187,-97,-52,—,-1,—,—,—
5283,NP Margin,11.30,11.94,—,718.56,—,—,—,—,—,—,—
5283,ROE,4.30,2.96,7.22,1.40,-6.61,-448.77,—,100.00,—,—,—
5283,Revenue GR,95082.30,—,-90.25,904.92,-49.69,—,—,—,—,—,—
5283,Revenue GR 3Y avg,—,1013.09,-21.01,—,—,—,—,—,—,—,—
5283,Revenue GR 5Y avg,—,—,—,—,—,—,—,—,—,—,—
5283,Revenue GR 10Y avg,—,—,—,—,—,—,—,—,—,—,—
5283,NP GR,—,—,—,—,—,—,—,—,—,—,—
5283,NP GR 3Y avg,—,—,422.54,—,—,—,—,—,—,—,—
5283,NP GR 5Y avg,—,—,—,—,—,—,—,—,—,—,—
5283,NP GR 10Y avg,0.0,0.0,0.0,0.0,0.0,0.0,0.0,0.0,0.0,0.0,0.0
5283,EPS GR,-44.05,-57.00,429.93,—,—,—,—,—,—,—,—
5283,EPS GR 3Y avg,—,—,—,—,—,—,—,—,—,—,—
5283,EPS GR 5Y avg,—,—,422.52,—,—,—,—,—,—,—,—
5283,EPS GR 10Y avg,—,—,—,—,—,—,—,—,—,—,—
5283,OCF GR,—,—,—,—,—,—,—,—,—,—,—
5283,FCF GR,—,—,—,—,—,—,—,—,—,—,—
5283,D/E,0.17,0.17,0.51,0.24,0.02,—,—,—,—,—,—
5283,Price,0.5550,0.3700,0.7400,0.8950,1.0500,0.0000,0.0,0.0,0.0,0.0,0.0
5284,Year End,TTM,2020-12,2019-12,2018-12,2017-12,2016-12,2015-12,2014-12,2013-12,2012-12,2011-12
5284,Revenue,"7,807","6,901","8,438","9,245","7,824","8,137","8,148","8,611",—,—,—
5284,NP,759,149,440,783,"1,064","1,315",613,-19,—,—,—
5284,EPS,0.33,0.07,0.19,0.34,0.54,0.53,0.25,-0.01,—,—,—
5284,DPS,0.07,0.07,0.17,0.23,—,—,—,—,—,—,—
5284,Div Payout,20.9,85.9,149.0,44.7,—,—,—,—,—,—,—
5284,Shares,"2,273","2,273","2,273","2,273","1,987","2,468","2,468","2,468",—,—,—
5284,BVPS,5.47,5.25,5.25,5.27,5.06,—,—,—,—,—,—
5284,OCF,"1,362","1,074","1,073",873,"1,741","1,968","1,804",409,—,—,—
5284,FCF,811,248,536,192,270,968,"1,646",255,—,—,—
5284,NP Margin,9.72,2.15,5.21,8.47,13.60,16.17,7.53,-0.22,—,—,—
5284,ROE,6.16,1.25,3.67,6.66,8.43,13.19,11.33,-0.42,—,—,—
5284,Revenue GR,61.93,-18.21,-8.73,18.15,-3.84,-0.14,-5.38,—,—,—,—
5284,Revenue GR 3Y avg,—,-4.10,1.22,4.30,-3.14,—,—,—,—,—,—
5284,Revenue GR 5Y avg,—,-3.27,-0.41,—,—,—,—,—,—,—,—
5284,Revenue GR 10Y avg,—,—,—,—,—,—,—,—,—,—,—
5284,NP GR,—,-48.12,-30.60,8.50,—,—,—,—,—,—,—
5284,NP GR 3Y avg,—,-24.69,—,—,—,—,—,—,—,—,—
5284,NP GR 5Y avg,—,—,—,—,—,—,—,—,—,—,—
5284,NP GR 10Y avg,0.0,0.0,0.0,0.0,0.0,0.0,0.0,0.0,0.0,0.0,0.0
5284,EPS GR,-358.82,-66.20,-43.85,-35.66,0.50,114.51,—,—,—,—,—
5284,EPS GR 3Y avg,—,-50.39,-28.66,11.52,—,—,—,—,—,—,—
5284,EPS GR 5Y avg,—,-23.43,—,—,—,—,—,—,—,—,—
5284,EPS GR 10Y avg,—,—,—,—,—,—,—,—,—,—,—
5284,OCF GR,—,0.09,22.83,-49.85,-11.55,9.15,340.94,—,—,—,—
5284,FCF GR,—,-53.73,179.21,-29.00,-72.06,-41.21,546.59,—,—,—,—
5284,D/E,—,—,—,—,—,—,0.01,0.03,—,—,—
5284,Price,2.5500,2.7700,2.4100,4.6200,4.7000,0.0000,0.0,0.0,0.0,0.0,0.0
5285,Year End,TTM,2020-12,2019-12,2018-06,2017-06,2016-06,2015-06,2014-06,2013-06,2012-06,2011-06
5285,Revenue,"13,691","13,063","12,046","14,298","14,764","11,930","10,286",—,—,—,—
5285,NP,"1,403","1,309",-76,"1,852","3,510",967,997,—,—,—,—
5285,EPS,0.18,0.17,-0.03,0.26,0.52,0.14,0.15,—,—,—,—
5285,DPS,0.04,0.04,0.02,0.04,—,—,—,—,—,—,—
5285,Div Payout,16.1,7.5,28.6,—,—,—,—,—,—,—,—
5285,Shares,"6,885","6,885","6,885","6,769","6,801","6,801","6,801",—,—,—,—
5285,BVPS,2.31,2.29,2.27,—,—,—,—,—,—,—,—
5285,OCF,"2,547","2,425","1,745","2,321","3,292","1,797","1,973",—,—,—,—
5285,FCF,"1,238","1,080",162,804,"1,673",439,814,—,—,—,—
5285,NP Margin,9.34,9.07,-1.66,12.08,23.75,8.11,9.69,—,—,—,—
5285,ROE,8.14,7.55,-1.30,10.88,27.58,10.46,11.76,—,—,—,—
5285,Revenue GR,20.65,8.44,-10.77,-3.16,23.76,15.98,—,—,—,—,—
5285,Revenue GR 3Y avg,—,-3.43,0.28,11.60,—,—,—,—,—,—,—
5285,Revenue GR 5Y avg,—,4.43,—,—,—,—,—,—,—,—,—
5285,Revenue GR 10Y avg,—,—,—,—,—,—,—,—,—,—,—
5285,NP GR,—,-24.51,—,22.92,—,—,—,—,—,—,—
5285,NP GR 3Y avg,—,5.07,—,—,—,—,—,—,—,—,—
5285,NP GR 5Y avg,—,—,—,—,—,—,—,—,—,—,—
5285,NP GR 10Y avg,0.0,0.0,0.0,0.0,0.0,0.0,0.0,0.0,0.0,0.0,0.0
5285,EPS GR,22.39,—,—,-50.51,262.61,-3.00,—,—,—,—,—
5285,EPS GR 3Y avg,—,-26.88,—,20.29,—,—,—,—,—,—,—
5285,EPS GR 5Y avg,—,2.94,—,—,—,—,—,—,—,—,—
5285,EPS GR 10Y avg,—,—,—,—,—,—,—,—,—,—,—
5285,OCF GR,—,38.98,-17.28,-29.51,83.20,-8.92,—,—,—,—,—
5285,FCF GR,—,567.00,-65.56,-51.93,281.40,-46.10,—,—,—,—,—
5285,D/E,0.27,0.29,0.35,0.34,0.41,0.49,0.41,—,—,—,—
5285,Price,4.6400,4.9900,5.4500,4.7600,5.3300,6.0000,0.0000,0.0,0.0,0.0,0.0
5286,Year End,TTM,2020-12,2019-12,2018-12,2017-12,2016-12,2015-12,2014-12,2013-12,2012-12,2011-12
5286,Revenue,248,229,191,160,173,57,105,—,—,—,—
5286,NP,47,54,59,44,59,16,41,—,—,—,—
5286,EPS,0.06,0.07,0.08,0.07,0.11,0.02,0.05,—,—,—,—
5286,DPS,0.03,0.06,0.01,0.03,—,—,—,—,—,—,—
5286,Div Payout,47.4,38.4,31.4,—,—,—,—,—,—,—,—
5286,Shares,746,746,748,656,548,750,750,—,—,—,—
5286,BVPS,0.48,0.53,0.48,0.44,—,—,—,—,—,—,—
5286,OCF,9,30,32,12,41,9,49,—,—,—,—
5286,FCF,-41,-15,-32,-22,10,8,48,—,—,—,—
5286,NP Margin,19.05,23.58,30.96,27.65,34.22,28.16,38.91,—,—,—,—
5286,ROE,12.42,14.06,16.65,13.83,31.25,24.75,67.17,—,—,—,—
5286,Revenue GR,53.73,19.81,19.17,-7.46,203.59,-45.70,—,—,—,—,—
5286,Revenue GR 3Y avg,—,9.73,49.60,15.12,—,—,—,—,—,—,—
5286,Revenue GR 5Y avg,—,16.85,—,—,—,—,—,—,—,—,—
5286,Revenue GR 10Y avg,—,—,—,—,—,—,—,—,—,—,—
5286,NP GR,—,-3.07,54.39,2.73,—,—,—,—,—,—,—
5286,NP GR 3Y avg,—,5.71,—,—,—,—,—,—,—,—,—
5286,NP GR 5Y avg,—,—,—,—,—,—,—,—,—,—,—
5286,NP GR 10Y avg,0.0,0.0,0.0,0.0,0.0,0.0,0.0,0.0,0.0,0.0,0.0
5286,EPS GR,-65.95,-8.47,16.90,-14.42,268.32,-60.64,—,—,—,—,—
5286,EPS GR 3Y avg,—,-2.89,54.46,7.46,—,—,—,—,—,—,—
5286,EPS GR 5Y avg,—,5.83,—,—,—,—,—,—,—,—,—
5286,EPS GR 10Y avg,—,—,—,—,—,—,—,—,—,—,—
5286,OCF GR,—,-6.39,178.03,-71.86,348.76,-81.42,—,—,—,—,—
5286,FCF GR,—,—,—,—,24.58,-83.64,—,—,—,—,—
5286,D/E,0.05,0.01,—,0.01,—,—,—,—,—,—,—
5286,Price,3.9900,3.9400,1.9100,2.2400,0.0000, - ,0.0,0.0,0.0,0.0,0.0
5288,Year End,TTM,2020-12,2019-12,2018-06,2017-06,2016-06,2015-06,2014-06,2013-06,2012-06,2011-06
5288,Revenue,"2,176","2,063","3,180","2,353","2,564","2,591","3,254",—,—,—,—
5288,NP,-421,-479,599,640,624,873,620,—,—,—,—
5288,EPS,-0.06,-0.07,0.08,0.11,0.17,0.13,0.09,—,—,—,—
5288,DPS,0.01,0.03,0.02,0.02,—,—,—,—,—,—,—
5288,Div Payout,—,—,714.2,—,—,—,—,—,—,—,—
5288,Shares,"6,801","6,801","6,801","5,754","3,790","6,801","6,801",—,—,—,—
5288,BVPS,1.35,1.35,1.40,—,—,—,—,—,—,—,—
5288,OCF,305,410,412,-589,494,-121,-521,—,—,—,—
5288,FCF,286,390,398,-614,465,-171,-594,—,—,—,—
5288,NP Margin,-19.35,-23.21,18.82,27.20,24.33,33.71,19.05,—,—,—,—
5288,ROE,-4.49,-5.09,6.32,6.61,8.35,18.21,16.00,—,—,—,—
5288,Revenue GR,23.65,-35.13,22.17,-8.24,-1.02,-20.38,—,—,—,—,—
5288,Revenue GR 3Y avg,—,-6.02,6.02,-10.24,—,—,—,—,—,—,—
5288,Revenue GR 5Y avg,—,-7.94,—,—,—,—,—,—,—,—,—
5288,Revenue GR 10Y avg,—,—,—,—,—,—,—,—,—,—,—
5288,NP GR,—,—,-10.22,1.07,—,—,—,—,—,—,—
5288,NP GR 3Y avg,—,—,—,—,—,—,—,—,—,—,—
5288,NP GR 5Y avg,—,—,—,—,—,—,—,—,—,—,—
5288,NP GR 10Y avg,0.0,0.0,0.0,0.0,0.0,0.0,0.0,0.0,0.0,0.0,0.0
5288,EPS GR,350.00,—,-14.30,20.97,-28.54,40.88,—,—,—,—,—
5288,EPS GR 3Y avg,—,—,-10.22,6.79,—,—,—,—,—,—,—
5288,EPS GR 5Y avg,—,—,—,—,—,—,—,—,—,—,—
5288,EPS GR 10Y avg,—,—,—,—,—,—,—,—,—,—,—
5288,OCF GR,—,-0.34,—,—,—,—,—,—,—,—,—
5288,FCF GR,—,-1.93,—,—,—,—,—,—,—,—,—
5288,D/E,0.34,0.34,0.26,0.21,0.10,0.36,0.38,—,—,—,—
5288,Price,0.6500,0.6650,0.9150,0.9950,1.2000,1.7800,0.0000,0.0,0.0,0.0,0.0
5289,Year End,TTM,2020-06,2019-06,2018-06,2017-06,2016-06,2015-06,2014-06,2013-06,2012-06,2011-06
5289,Revenue,81,71,81,87,82,76,64,—,—,—,—
5289,NP,11,11,7,13,15,12,9,—,—,—,—
5289,EPS,0.02,0.02,0.02,0.03,0.03,0.02,0.02,—,—,—,—
5289,DPS,—,0.01,—,—,—,—,—,—,—,—,—
5289,Div Payout,21.2,44.9,—,—,—,—,—,—,—,—,—
5289,Shares,541,518,391,518,518,518,518,—,—,—,—
5289,BVPS,0.28,0.26,0.25,—,—,—,—,—,—,—,—
5289,OCF,-6,18,6,15,11,9,4,—,—,—,—
5289,FCF,-15,-6,—,-15,4,9,2,—,—,—,—
5289,NP Margin,13.97,15.04,8.69,15.46,17.67,15.41,14.90,—,—,—,—
5289,ROE,8.01,7.98,6.57,16.95,25.37,31.27,28.17,—,—,—,—
5289,Revenue GR,26.18,-12.41,-6.26,5.40,8.57,19.23,—,—,—,—,—
5289,Revenue GR 3Y avg,—,-4.70,2.37,10.91,—,—,—,—,—,—,—
5289,Revenue GR 5Y avg,—,2.30,—,—,—,—,—,—,—,—,—
5289,Revenue GR 10Y avg,—,—,—,—,—,—,—,—,—,—,—
5289,NP GR,—,-9.68,-15.42,12.29,—,—,—,—,—,—,—
5289,NP GR 3Y avg,—,2.50,—,—,—,—,—,—,—,—,—
5289,NP GR 5Y avg,—,—,—,—,—,—,—,—,—,—,—
5289,NP GR 10Y avg,0.0,0.0,0.0,0.0,0.0,0.0,0.0,0.0,0.0,0.0,0.0
5289,EPS GR,41.13,14.50,-30.25,-7.78,24.50,23.31,—,—,—,—,—
5289,EPS GR 3Y avg,—,-9.69,-7.13,12.29,—,—,—,—,—,—,—
5289,EPS GR 5Y avg,—,2.49,—,—,—,—,—,—,—,—,—
5289,EPS GR 10Y avg,—,—,—,—,—,—,—,—,—,—,—
5289,OCF GR,—,172.20,-56.10,29.68,22.45,153.68,—,—,—,—,—
5289,FCF GR,—,—,—,—,-55.91,435.33,—,—,—,—,—
5289,D/E,—,—,—,—,—,0.02,0.03,—,—,—,—
5289,Price,0.5650,0.8150,0.7850,0.0000, - , - ,0.0,0.0,0.0,0.0,0.0
5291,Year End,TTM,2020-12,2019-12,2018-12,2017-12,2016-12,2015-12,2014-12,2013-12,2012-12,2011-12
5291,Revenue,76,72,79,85,85,75,69,—,—,—,—
5291,NP,11,8,8,12,15,13,11,—,—,—,—
5291,EPS,0.03,0.03,0.03,0.04,0.05,0.04,0.03,—,—,—,—
5291,DPS,0.01,0.01,0.01,—,—,—,—,—,—,—,—
5291,Div Payout,42.7,52.5,—,—,—,—,—,—,—,—,—
5291,Shares,328,328,300,328,328,328,328,—,—,—,—
5291,BVPS,0.38,0.37,0.35,—,—,—,—,—,—,—,—
5291,OCF,21,19,9,12,21,19,10,—,—,—,—
5291,FCF,19,17,3,2,14,19,7,—,—,—,—
5291,NP Margin,13.88,11.58,9.99,14.32,17.42,16.72,15.42,—,—,—,—
5291,ROE,8.68,6.87,6.69,13.54,24.86,23.78,20.88,—,—,—,—
5291,Revenue GR,24.84,-8.62,-7.75,0.17,13.29,9.13,—,—,—,—,—
5291,Revenue GR 3Y avg,—,-5.48,1.54,7.39,—,—,—,—,—,—,—
5291,Revenue GR 5Y avg,—,0.86,—,—,—,—,—,—,—,—,—
5291,Revenue GR 10Y avg,—,—,—,—,—,—,—,—,—,—,—
5291,NP GR,—,-17.53,-14.48,4.77,—,—,—,—,—,—,—
5291,NP GR 3Y avg,—,-4.76,—,—,—,—,—,—,—,—,—
5291,NP GR 5Y avg,—,—,—,—,—,—,—,—,—,—,—
5291,NP GR 10Y avg,0.0,0.0,0.0,0.0,0.0,0.0,0.0,0.0,0.0,0.0,0.0
5291,EPS GR,241.38,-3.44,-29.54,-17.68,18.09,18.29,—,—,—,—,—
5291,EPS GR 3Y avg,—,-17.57,-11.85,4.77,—,—,—,—,—,—,—
5291,EPS GR 5Y avg,—,-4.79,—,—,—,—,—,—,—,—,—
5291,EPS GR 10Y avg,—,—,—,—,—,—,—,—,—,—,—
5291,OCF GR,—,115.39,-27.85,-42.10,10.21,88.54,—,—,—,—,—
5291,FCF GR,—,564.62,44.38,-86.74,-26.76,154.92,—,—,—,—,—
5291,D/E,0.14,0.14,0.18,0.22,0.19,0.23,0.29,—,—,—,—
5291,Price,0.6350,0.3950,0.3900,0.0000, - , - ,0.0,0.0,0.0,0.0,0.0
5292,Year End,TTM,2020-07,2019-07,2018-07,2017-07,2016-07,2015-07,2014-07,2013-07,2012-07,2011-07
5292,Revenue,282,219,144,136,92,76,—,—,—,—,—
5292,NP,91,58,36,31,15,19,—,—,—,—,—
5292,EPS,0.05,0.05,0.04,0.03,0.01,0.02,—,—,—,—,—
5292,DPS,0.01,0.01,—,—,—,—,—,—,—,—,—
5292,Div Payout,21.5,22.4,—,—,—,—,—,—,—,—,—
5292,Shares,"1,516","1,102",951,"1,100","1,100","1,100",—,—,—,—,—
5292,BVPS,0.26,0.18,0.10,—,—,—,—,—,—,—,—
5292,OCF,58,55,11,17,7,32,—,—,—,—,—
5292,FCF,30,34,-2,1,-11,4,—,—,—,—,—
5292,NP Margin,32.08,26.37,25.10,22.88,16.13,25.41,—,—,—,—,—
5292,ROE,37.01,28.90,27.80,39.37,21.67,30.90,—,—,—,—,—
5292,Revenue GR,28.64,51.74,5.76,48.11,20.77,—,—,—,—,—,—
5292,Revenue GR 3Y avg,—,33.46,23.68,—,—,—,—,—,—,—,—
5292,Revenue GR 5Y avg,—,—,—,—,—,—,—,—,—,—,—
5292,Revenue GR 10Y avg,—,—,—,—,—,—,—,—,—,—,—
5292,NP GR,—,57.22,23.17,—,—,—,—,—,—,—,—
5292,NP GR 3Y avg,—,—,—,—,—,—,—,—,—,—,—
5292,NP GR 5Y avg,—,—,—,—,—,—,—,—,—,—,—
5292,NP GR 10Y avg,0.0,0.0,0.0,0.0,0.0,0.0,0.0,0.0,0.0,0.0,0.0
5292,EPS GR,57.74,37.53,34.47,107.32,-22.64,—,—,—,—,—,—
5292,EPS GR 3Y avg,—,56.52,29.20,—,—,—,—,—,—,—,—
5292,EPS GR 5Y avg,—,—,—,—,—,—,—,—,—,—,—
5292,EPS GR 10Y avg,—,—,—,—,—,—,—,—,—,—,—
5292,OCF GR,—,386.60,-34.56,158.79,-78.91,—,—,—,—,—,—
5292,FCF GR,—,—,—,—,—,—,—,—,—,—,—
5292,D/E,0.02,0.02,0.07,0.42,0.21,0.21,—,—,—,—,—
5292,Price,5.9800,4.5500,1.3800,0.0000, - , - ,0.0,0.0,0.0,0.0,0.0
5293,Year End,TTM,2020-03,2019-03,2018-03,2017-03,2016-03,2015-03,2014-03,2013-03,2012-03,2011-03
5293,Revenue,394,380,339,341,299,249,—,—,—,—,—
5293,NP,47,64,47,71,58,33,—,—,—,—,—
5293,EPS,0.11,0.17,0.14,0.17,0.14,0.08,—,—,—,—,—
5293,DPS,0.03,—,—,—,—,—,—,—,—,—,—
5293,Div Payout,27.5,—,—,—,—,—,—,—,—,—,—
5293,Shares,427,381,342,427,427,427,—,—,—,—,—
5293,BVPS,1.53,1.34,—,—,—,—,—,—,—,—,—
5293,OCF,165,-40,46,100,-111,-29,—,—,—,—,—
5293,FCF,150,-51,22,84,-113,-32,—,—,—,—,—
5293,NP Margin,11.94,16.86,13.97,20.79,19.29,13.08,—,—,—,—,—
5293,ROE,7.21,10.63,10.06,20.96,18.83,10.71,—,—,—,—,—
5293,Revenue GR,15.82,12.19,-0.68,14.17,19.95,—,—,—,—,—,—
5293,Revenue GR 3Y avg,—,8.36,10.80,—,—,—,—,—,—,—,—
5293,Revenue GR 5Y avg,—,—,—,—,—,—,—,—,—,—,—
5293,Revenue GR 10Y avg,—,—,—,—,—,—,—,—,—,—,—
5293,NP GR,—,3.61,13.23,—,—,—,—,—,—,—,—
5293,NP GR 3Y avg,—,—,—,—,—,—,—,—,—,—,—
5293,NP GR 5Y avg,—,—,—,—,—,—,—,—,—,—,—
5293,NP GR 10Y avg,0.0,0.0,0.0,0.0,0.0,0.0,0.0,0.0,0.0,0.0,0.0
5293,EPS GR,-0.56,51.73,-33.29,23.08,76.82,—,—,—,—,—,—
5293,EPS GR 3Y avg,—,7.60,13.23,—,—,—,—,—,—,—,—
5293,EPS GR 5Y avg,—,—,—,—,—,—,—,—,—,—,—
5293,EPS GR 10Y avg,—,—,—,—,—,—,—,—,—,—,—
5293,OCF GR,—,—,-54.15,—,—,—,—,—,—,—,—
5293,FCF GR,—,—,-73.20,—,—,—,—,—,—,—,—
5293,D/E,0.38,0.41,0.51,0.54,0.71,0.17,—,—,—,—,—
5293,Price,2.2000,2.2000,1.2300,0.0000, - , - ,0.0,0.0,0.0,0.0,0.0
5295,Year End,TTM,2020-12,2019-12,2018-12,2017-12,2016-12,2015-12,2014-12,2013-12,2012-12,2011-12
5295,Revenue,156,155,192,184,172,160,—,—,—,—,—
5295,NP,23,20,30,46,24,27,—,—,—,—,—
5295,EPS,0.03,0.03,0.04,0.06,0.03,0.04,—,—,—,—,—
5295,DPS,0.01,0.01,—,—,—,—,—,—,—,—,—
5295,Div Payout,31.1,—,—,—,—,—,—,—,—,—,—
5295,Shares,706,696,706,706,706,706,—,—,—,—,—
5295,BVPS,0.20,0.20,—,—,—,—,—,—,—,—,—
5295,OCF,42,36,47,32,40,32,—,—,—,—,—
5295,FCF,38,30,36,30,37,29,—,—,—,—,—
5295,NP Margin,14.45,12.99,15.73,24.73,14.02,16.77,—,—,—,—,—
5295,ROE,16.44,17.86,37.04,33.72,12.69,14.53,—,—,—,—,—
5295,Revenue GR,1.64,-18.95,3.91,7.30,7.52,—,—,—,—,—,—
5295,Revenue GR 3Y avg,—,-3.32,6.23,—,—,—,—,—,—,—,—
5295,Revenue GR 5Y avg,—,—,—,—,—,—,—,—,—,—,—
5295,Revenue GR 10Y avg,—,—,—,—,—,—,—,—,—,—,—
5295,NP GR,—,-5.74,3.99,—,—,—,—,—,—,—,—
5295,NP GR 3Y avg,—,—,—,—,—,—,—,—,—,—,—
5295,NP GR 5Y avg,—,—,—,—,—,—,—,—,—,—,—
5295,NP GR 10Y avg,0.0,0.0,0.0,0.0,0.0,0.0,0.0,0.0,0.0,0.0,0.0
5295,EPS GR,75.61,-32.11,-33.92,89.32,-10.12,—,—,—,—,—,—
5295,EPS GR 3Y avg,—,-5.30,3.99,—,—,—,—,—,—,—,—
5295,EPS GR 5Y avg,—,—,—,—,—,—,—,—,—,—,—
5295,EPS GR 10Y avg,—,—,—,—,—,—,—,—,—,—,—
5295,OCF GR,—,-24.24,47.41,-20.07,26.33,—,—,—,—,—,—
5295,FCF GR,—,-17.98,19.99,-18.50,28.55,—,—,—,—,—,—
5295,D/E,0.07,0.07,0.13,0.15,0.06,0.09,—,—,—,—,—
5295,Price,0.5950,0.5300,0.0000,0.0000, - , - ,0.0,0.0,0.0,0.0,0.0
5296,Year End,TTM,2020-12,2019-12,2018-12,2017-12,2016-12,2015-12,2014-12,2013-12,2012-12,2011-12
5296,Revenue,"2,895","2,559","2,276","1,771","1,229",—,—,—,—,—,—
5296,NP,403,337,318,308,210,—,—,—,—,—,—
5296,EPS,0.06,0.20,0.34,0.33,0.22,—,—,—,—,—,—
5296,DPS,0.01,0.01,—,—,—,—,—,—,—,—,—
5296,Div Payout,22.2,—,—,—,—,—,—,—,—,—,—
5296,Shares,"6,277","1,686",941,941,941,—,—,—,—,—,—
5296,BVPS,0.16,0.06,—,—,—,—,—,—,—,—,—
5296,OCF,527,385,403,266,204,—,—,—,—,—,—
5296,FCF,381,263,286,141,133,—,—,—,—,—,—
5296,NP Margin,13.94,13.17,13.96,17.41,17.08,—,—,—,—,—,—
5296,ROE,40.22,55.40,73.42,70.57,60.13,—,—,—,—,—,—
5296,Revenue GR,—,12.47,28.49,44.08,—,—,—,—,—,—,—
5296,Revenue GR 3Y avg,—,27.69,—,—,—,—,—,—,—,—,—
5296,Revenue GR 5Y avg,—,—,—,—,—,—,—,—,—,—,—
5296,Revenue GR 10Y avg,—,—,—,—,—,—,—,—,—,—,—
5296,NP GR,—,17.09,—,—,—,—,—,—,—,—,—
5296,NP GR 3Y avg,—,—,—,—,—,—,—,—,—,—,—
5296,NP GR 5Y avg,—,—,—,—,—,—,—,—,—,—,—
5296,NP GR 10Y avg,0.0,0.0,0.0,0.0,0.0,0.0,0.0,0.0,0.0,0.0,0.0
5296,EPS GR,—,-40.71,3.00,46.82,—,—,—,—,—,—,—
5296,EPS GR 3Y avg,—,-3.57,—,—,—,—,—,—,—,—,—
5296,EPS GR 5Y avg,—,—,—,—,—,—,—,—,—,—,—
5296,EPS GR 10Y avg,—,—,—,—,—,—,—,—,—,—,—
5296,OCF GR,—,-4.50,51.59,30.35,—,—,—,—,—,—,—
5296,FCF GR,—,-8.12,103.22,6.10,—,—,—,—,—,—,—
5296,D/E,0.89,0.95,3.65,1.00,1.05,—,—,—,—,—,—
5296,Price,4.1200,3.1200,0.0000, - , - , - ,0.0,0.0,0.0,0.0,0.0
5347,Year End,TTM,2020-12,2019-12,2018-12,2017-08,2016-08,2015-08,2014-08,2013-08,2012-08,2011-08
5347,Revenue,"43,800","43,976","50,939","50,393","47,417","44,532","43,287","42,792","37,130","35,848","32,207"
5347,NP,"3,834","3,592","4,529","3,723","6,904","7,368","6,118","6,467","4,614","4,198",507
5347,EPS,0.67,0.63,0.80,0.65,1.22,1.30,1.08,1.15,0.96,0.81,0.09
5347,DPS,0.40,0.42,0.53,0.52,0.39,0.29,0.29,0.25,0.25,—,0.20
5347,Div Payout,59.8,78.8,80.7,30.3,—,—,—,—,—,—,—
5347,Shares,"5,727","5,722","5,687","5,695","5,681","5,660","5,644","5,644","5,582","5,478","5,462"
5347,BVPS,9.53,9.45,10.09,10.18,—,—,—,—,—,—,—
5347,OCF,"17,668","15,519","19,458","13,035","12,556","13,293","11,439","10,437","9,047","8,476","5,098"
5347,FCF,"10,436","8,608","8,698","1,748",36,"2,149","1,076",431,"1,127","1,471",-557
5347,NP Margin,8.75,8.17,8.89,7.39,14.56,16.54,14.13,15.11,12.43,11.71,1.55
5347,ROE,7.03,6.31,7.82,6.47,12.61,14.79,13.53,16.51,12.95,12.66,1.69
5347,Revenue GR,-1.51,-13.67,1.09,4.67,6.48,2.88,1.16,15.25,3.58,11.31,6.22
5347,Revenue GR 3Y avg,—,-2.23,4.11,4.66,3.48,6.25,6.49,9.94,6.99,7.59,7.74
5347,Revenue GR 5Y avg,—,0.30,3.32,5.89,5.75,6.69,7.38,8.25,7.59,8.98,9.58
5347,Revenue GR 10Y avg,—,3.66,5.68,6.71,7.35,8.13,8.60,—,—,—,—
5347,NP GR,—,-17.78,-13.58,-13.83,2.20,16.88,13.38,133.73,13.01,70.09,-42.03
5347,NP GR 3Y avg,—,-9.49,-6.46,-3.94,10.46,70.82,13.86,49.95,12.15,0.63,-25.19
5347,NP GR 5Y avg,—,1.13,17.52,3.53,5.43,13.05,16.55,—,—,—,—
5347,NP GR 10Y avg,0.0,0.0,0.0,0.0,0.0,0.0,0.0,0.0,0.0,0.0,0.0
5347,EPS GR,33.07,-21.16,21.79,-37.15,-6.64,20.06,-5.39,38.61,7.88,738.40,-84.43
5347,EPS GR 3Y avg,—,-17.95,-13.70,-14.06,1.98,16.33,12.26,132.31,12.08,65.45,-42.42
5347,EPS GR 5Y avg,—,-9.72,-6.59,-4.30,9.66,70.10,13.05,46.61,11.55,0.59,-28.97
5347,EPS GR 10Y avg,—,0.65,16.16,3.06,5.03,9.92,13.19,—,—,—,—
5347,OCF GR,—,-20.24,49.27,2.85,-5.54,16.20,9.59,15.36,6.75,66.25,-36.04
5347,FCF GR,—,-1.03,397.52,—,-98.31,99.84,149.35,-61.71,-23.42,—,—
5347,D/E,1.23,1.23,1.20,0.84,0.74,0.73,0.61,0.68,0.79,0.63,0.57
5347,Price,10.1200,10.4200,13.2600,13.6000,15.2600,14.2800,14.7400,11.1800,12.3800,8.7300,6.8400
5371,Year End,TTM,2020-12,2019-12,2018-12,2017-12,2016-12,2015-12,2014-12,2013-12,2012-12,2011-12
5371,Revenue,355,337,379,403,420,403,367,313,261,247,267
5371,NP,—,-14,-32,-62,8,30,34,24,—,2,13
5371,EPS,—,-0.10,-0.23,-0.44,0.06,0.23,0.24,0.17,—,0.01,0.09
5371,DPS,0.02,0.02,—,0.02,0.06,0.09,0.03,0.06,0.03,0.05,0.05
5371,Div Payout,—,—,—,—,40.2,40.1,23.9,21.6,—,416.7,48.5
5371,Shares,140,140,140,140,140,140,140,140,140,140,140
5371,BVPS,2.79,2.78,2.94,3.45,3.69,3.58,3.54,3.23,3.13,3.14,2.82
5371,OCF,-19,18,35,18,-16,41,46,33,13,22,13
5371,FCF,-34,3,21,4,-38,-12,30,16,-26,-6,13
5371,NP Margin,0.03,-4.27,-8.57,-15.47,1.91,7.42,9.35,7.62,0.01,0.70,4.83
5371,ROE,0.03,-3.59,-7.65,-13.09,1.57,5.92,7.21,5.33,0.01,0.39,2.93
5371,Revenue GR,25.14,-11.07,-5.99,-4.18,4.21,9.76,17.25,20.04,5.88,-7.80,9.08
5371,Revenue GR 3Y avg,—,-7.13,-2.09,3.10,10.28,15.60,14.22,5.43,2.12,0.53,2.07
5371,Revenue GR 5Y avg,—,-1.73,3.85,9.06,11.26,8.57,8.43,5.25,0.75,1.60,1.72
5371,Revenue GR 10Y avg,—,3.22,4.55,4.82,6.32,5.09,—,—,—,—,—
5371,NP GR,—,—,—,—,-30.49,976.20,171.08,22.77,-88.14,-57.46,44.95
5371,NP GR 3Y avg,—,—,—,—,35.99,18.30,19.05,1.28,-64.47,-26.95,0.72
5371,NP GR 5Y avg,—,—,—,—,-0.33,9.16,—,—,—,—,—
5371,NP GR 10Y avg,0.0,0.0,0.0,0.0,0.0,0.0,0.0,0.0,0.0,0.0,0.0
5371,EPS GR,-81.07,—,—,—,-73.18,-12.94,43.86,—,-98.33,-87.10,-9.71
5371,EPS GR 3Y avg,—,—,—,—,-30.49,921.69,173.31,22.34,-87.52,-57.92,45.81
5371,EPS GR 5Y avg,—,—,—,—,36.66,18.06,18.92,1.13,-63.29,-27.03,1.58
5371,EPS GR 10Y avg,—,—,—,—,-0.14,9.51,—,—,—,—,—
5371,OCF GR,—,-48.92,99.46,—,—,-9.79,39.88,156.89,-42.10,67.38,-58.31
5371,FCF GR,—,-84.32,390.18,—,—,—,81.62,—,—,—,-58.31
5371,D/E,0.07,0.08,0.09,0.04,0.04,0.05,0.02,0.02,0.02,—,—
5371,Price,0.8400,0.8100,1.0500,1.2400,1.4200,1.8300,2.2800,1.1800,1.2600,1.2500,1.2600
5398,Year End,TTM,2020-07,2019-07,2018-07,2017-07,2016-07,2015-07,2014-07,2013-07,2012-07,2011-07
5398,Revenue,"3,557","3,663","4,565","4,227","3,211","2,122","2,362","2,230","3,883","3,087","2,673"
5398,NP,357,372,706,514,602,626,682,719,541,547,433
5398,EPS,0.14,0.15,0.28,0.22,0.24,0.25,0.29,0.31,0.25,0.26,0.20
5398,DPS,—,0.06,0.12,0.12,0.12,0.12,0.12,0.12,0.12,0.12,0.12
5398,Div Payout,—,51.9,74.0,42.8,46.3,46.7,38.3,40.7,50.4,46.9,87.7
5398,Shares,"2,507","2,488","2,469","2,462","2,527","2,480","2,357","2,335","2,178","2,142","2,148"
5398,BVPS,3.52,3.42,3.24,3.14,3.04,2.77,2.54,2.31,1.97,1.95,1.58
5398,OCF,"1,251",596,485,502,-509,72,228,-435,-490,118,-228
5398,FCF,"1,108",410,218,46,-774,-55,188,-452,-543,35,-345
5398,NP Margin,10.03,10.15,15.47,12.16,18.75,29.51,28.88,32.27,13.94,17.73,15.91
5398,ROE,4.10,4.47,9.03,6.83,8.39,9.48,11.55,13.89,12.13,14.15,12.25
5398,Revenue GR,76.61,-19.76,8.00,31.63,51.35,-10.18,5.95,-42.58,25.79,15.48,8.88
5398,Revenue GR 3Y avg,—,4.48,29.09,21.40,12.93,-18.24,-8.53,-5.87,16.51,4.22,3.61
5398,Revenue GR 5Y avg,—,9.17,15.41,1.71,0.79,-4.51,-0.77,-3.95,10.07,15.28,16.85
5398,Revenue GR 10Y avg,—,4.08,5.29,5.81,7.79,5.63,—,—,—,—,—
5398,NP GR,—,-14.85,4.09,-9.01,-5.76,4.97,7.62,18.44,23.21,38.92,8.50
5398,NP GR 3Y avg,—,-11.44,-0.37,-1.04,1.93,7.66,18.70,28.65,9.82,24.17,22.40
5398,NP GR 5Y avg,—,2.53,13.21,4.25,12.50,14.79,—,—,—,—,—
5398,NP GR 10Y avg,0.0,0.0,0.0,0.0,0.0,0.0,0.0,0.0,0.0,0.0,0.0
5398,EPS GR,252.50,-47.76,36.97,-12.34,-5.66,-12.75,-6.07,23.93,-2.74,29.09,44.74
5398,EPS GR 3Y avg,—,-14.40,4.24,-10.31,-8.22,0.52,4.23,15.88,22.03,38.50,6.98
5398,EPS GR 5Y avg,—,-12.39,-1.48,-3.43,-1.40,4.98,16.17,26.21,8.98,18.93,13.72
5398,EPS GR 10Y avg,—,0.89,11.51,2.59,8.29,9.26,—,—,—,—,—
5398,OCF GR,—,23.02,-3.51,—,—,-68.48,—,—,—,—,—
5398,FCF GR,—,88.48,370.37,—,—,—,—,—,—,—,—
5398,D/E,0.42,0.35,0.37,0.56,0.62,0.61,0.53,0.32,0.35,0.21,0.35
5398,Price,3.5300,3.5600,3.7100,3.8700,5.3000,4.8200,4.8200,4.7800,4.7600,3.5100,3.6900
5436,Year End,TTM,2020-03,2019-03,2018-03,2017-03,2016-03,2015-03,2014-03,2013-03,2012-03,2011-03
5436,Revenue,799,860,979,939,841,743,657,651,656,801,853
5436,NP,44,31,41,22,55,51,43,41,27,35,66
5436,EPS,0.43,0.30,0.40,0.21,0.54,0.50,0.42,0.40,0.26,0.34,0.64
5436,DPS,0.10,0.29,0.29,0.19,0.39,0.36,0.34,0.45,0.32,0.43,0.42
5436,Div Payout,22.3,90.8,64.3,77.4,75.8,68.2,103.2,106.4,166.5,65.1,—
5436,Shares,129,103,103,103,103,103,103,103,103,103,103
5436,BVPS,3.74,3.83,3.81,3.65,3.74,3.57,3.19,3.13,3.00,3.07,—
5436,OCF,40,90,32,61,-12,58,71,24,82,81,53
5436,FCF,-15,44,13,52,-39,53,55,15,71,45,38
5436,NP Margin,5.51,3.59,4.19,2.29,6.56,6.85,6.49,6.25,4.07,4.39,7.72
5436,ROE,10.06,7.75,10.59,5.55,14.43,14.17,12.50,12.52,8.38,11.15,21.67
5436,Revenue GR,-9.33,-12.13,4.25,11.67,13.09,13.16,0.95,-0.73,-18.16,-6.13,—
5436,Revenue GR 3Y avg,—,0.76,9.60,12.64,8.91,4.28,-6.40,-8.64,-7.18,-6.68,—
5436,Revenue GR 5Y avg,—,5.54,8.51,7.45,0.97,-2.72,-4.33,-7.97,-2.40,3.93,—
5436,Revenue GR 10Y avg,—,0.48,-0.07,2.40,2.44,0.87,—,—,—,—,—
5436,NP GR,—,-17.54,-6.96,-20.35,10.68,24.05,6.59,-14.87,-29.94,2.95,—
5436,NP GR 3Y avg,—,-6.22,0.17,-4.20,9.40,-5.03,-11.30,4.75,-10.08,-6.82,—
5436,NP GR 5Y avg,—,-8.79,2.43,-7.18,0.97,5.19,—,—,—,—,—
5436,NP GR 10Y avg,0.0,0.0,0.0,0.0,0.0,0.0,0.0,0.0,0.0,0.0,0.0
5436,EPS GR,124.99,-24.70,90.32,-60.90,8.19,19.58,4.63,52.42,-24.01,-46.36,—
5436,EPS GR 3Y avg,—,-17.56,-6.97,-20.32,10.62,24.01,6.61,-14.67,-29.87,2.89,—
5436,EPS GR 5Y avg,—,-6.23,0.15,-4.21,9.41,-4.91,-11.27,4.76,-10.06,-6.82,—
5436,EPS GR 10Y avg,—,-8.78,2.43,-7.18,0.97,5.03,—,—,—,—,—
5436,OCF GR,—,180.72,-47.12,—,—,-18.82,201.76,-71.22,1.69,53.45,—
5436,FCF GR,—,231.15,-74.01,—,—,-4.33,261.16,-78.44,58.42,17.42,—
5436,D/E,0.02,—,—,—,—,—,—,—,—,—,—
5436,Price,4.0400,4.0400,3.1800,4.9100,3.5300,7.5500,5.6600,4.2900,4.5000,3.0900,3.6100
5517,Year End,TTM,2020-12,2019-12,2018-12,2017-12,2016-12,2015-12,2014-12,2013-12,2012-12,2011-12
5517,Revenue,106,172,524,551,551,509,500,514,511,470,430
5517,NP,-118,-97,63,71,72,79,130,79,130,67,61
5517,EPS,-0.27,-0.22,0.14,0.16,0.16,0.18,0.29,0.18,0.30,0.15,0.13
5517,DPS,0.12,0.12,0.15,0.15,0.14,0.14,0.12,0.13,0.10,0.09,0.09
5517,Div Payout,—,—,126.6,81.5,80.0,55.3,56.7,41.7,60.2,58.8,50.3
5517,Shares,440,440,440,440,440,440,440,440,440,440,440
5517,BVPS,2.01,2.19,2.38,2.42,2.39,2.35,2.24,2.15,2.02,1.97,1.80
5517,OCF,-108,-81,132,151,179,144,146,150,157,139,126
5517,FCF,-121,-98,101,117,90,104,94,43,124,84,80
5517,NP Margin,-111.35,-56.25,12.08,12.81,13.11,15.58,25.92,15.45,25.50,14.34,14.09
5517,ROE,-12.16,-9.87,5.97,6.64,6.84,7.62,13.05,8.31,14.30,7.96,7.50
5517,Revenue GR,-74.33,-67.16,-4.87,0.05,8.26,1.66,-2.61,0.48,8.87,9.27,1.83
5517,Revenue GR 3Y avg,—,-32.13,1.00,3.26,2.34,-0.17,2.13,6.13,6.60,8.53,1.13
5517,Revenue GR 5Y avg,—,-19.22,0.40,1.50,3.23,3.43,3.46,6.93,4.24,2.71,5.39
5517,Revenue GR 10Y avg,—,-8.58,3.62,2.86,2.97,4.40,5.97,—,—,—,—
5517,NP GR,—,—,-7.20,-18.37,-3.10,-15.29,24.42,9.42,23.06,23.95,7.12
5517,NP GR 3Y avg,—,—,-4.41,-11.56,1.41,5.52,13.14,17.55,21.48,-2.71,11.16
5517,NP GR 5Y avg,—,—,6.00,3.66,-0.67,8.31,13.26,—,—,—,—
5517,NP GR 10Y avg,0.0,0.0,0.0,0.0,0.0,0.0,0.0,0.0,0.0,0.0,0.0
5517,EPS GR,—,—,-10.29,-2.25,-8.88,-38.89,63.45,-39.15,93.66,10.87,-13.21
5517,EPS GR 3Y avg,—,—,-7.21,-18.35,-3.09,-15.29,24.42,9.32,23.06,24.13,7.21
5517,EPS GR 5Y avg,—,—,-4.41,-11.55,1.41,5.47,13.13,17.65,21.48,-2.76,11.24
5517,EPS GR 10Y avg,—,—,6.05,3.66,-0.70,8.32,13.24,—,—,—,—
5517,OCF GR,—,—,-12.53,-15.68,23.86,-1.12,-2.44,-4.59,13.11,9.75,-5.16
5517,FCF GR,—,—,-13.44,29.79,-13.32,10.87,116.32,-65.11,46.72,5.91,-27.74
5517,D/E,—,—,—,—,—,—,—,—,—,—,0.01
5517,Price,3.6500,4.0200,5.0200,5.6200,5.0700,5.2400,5.8000,7.5000,6.7600,4.1000,2.4300
5533,Year End,TTM,2020-12,2019-12,2018-12,2017-12,2016-12,2015-12,2014-12,2013-12,2012-12,2011-12
5533,Revenue,273,274,245,247,270,292,273,283,267,267,244
5533,NP,2,3,-26,-5,-22,5,6,7,5,11,5
5533,EPS,0.02,0.03,-0.26,-0.05,-0.21,0.05,0.06,0.07,0.04,0.11,0.05
5533,DPS,—,—,—,—,0.01,0.01,0.02,0.01,0.01,—,—
5533,Div Payout,—,—,—,—,42.7,18.6,29.5,40.9,43.2,—,—
5533,Shares,103,103,103,103,103,103,103,103,103,103,103
5533,BVPS,1.84,1.86,2.04,2.12,2.33,2.32,2.28,2.23,2.21,2.18,2.02
5533,OCF,-6,10,14,19,22,41,12,23,29,23,25
5533,FCF,-14,2,9,16,4,24,5,21,13,11,7
5533,NP Margin,0.78,0.95,-10.79,-2.02,-7.98,1.71,2.27,2.53,1.73,4.28,2.02
5533,ROE,1.13,1.39,-13.28,-2.31,-9.39,2.09,2.64,3.11,2.05,5.25,2.35
5533,Revenue GR,-0.68,11.50,-0.55,-8.69,-7.58,7.05,-3.49,6.00,-0.06,9.42,-41.21
5533,Revenue GR 3Y avg,—,0.41,-5.68,-3.33,-1.53,3.07,0.74,5.05,-13.69,-22.02,-29.52
5533,Revenue GR 5Y avg,—,0.03,-2.82,-1.57,0.23,3.67,-8.04,-12.86,-17.47,-10.63,7.46
5533,Revenue GR 10Y avg,—,-4.09,-7.98,-9.87,-5.36,5.55,—,—,—,—,—
5533,NP GR,—,—,—,—,—,2.56,-18.51,13.18,—,—,—
5533,NP GR 3Y avg,—,-15.93,—,—,—,0.25,—,—,—,40.94,-10.94
5533,NP GR 5Y avg,—,—,—,—,—,-5.51,—,—,—,—,—
5533,NP GR 10Y avg,0.0,0.0,0.0,0.0,0.0,0.0,0.0,0.0,0.0,0.0,0.0
5533,EPS GR,-41.18,—,—,—,—,-19.44,-13.38,54.48,-59.58,132.19,—
5533,EPS GR 3Y avg,—,—,—,—,—,2.54,-18.52,13.18,—,—,—
5533,EPS GR 5Y avg,—,-15.92,—,—,—,0.24,—,—,—,40.95,-10.94
5533,EPS GR 10Y avg,—,—,—,—,—,-5.52,—,—,—,—,—
5533,OCF GR,—,-28.65,-24.61,-14.14,-45.74,232.44,-48.13,-18.83,29.71,-7.67,73.60
5533,FCF GR,—,-74.38,-44.98,282.67,-82.85,354.90,-74.17,56.54,23.34,58.07,—
5533,D/E,0.07,0.07,0.10,0.09,0.12,0.06,0.07,0.08,0.10,0.09,0.15
5533,Price,0.6250,0.5600,0.3850,0.4800,0.6200,0.6600,0.9050,0.6850,0.6400,0.6000,0.5500
5614,Year End,TTM,2020-12,2019-12,2018-12,2017-12,2016-12,2015-12,2014-12,2013-12,2012-12,2011-12
5614,Revenue,8,8,10,25,16,22,31,42,42,138,134
5614,NP,37,34,15,-98,-10,6,-12,-41,130,—,13
5614,EPS,0.19,0.18,0.08,-0.52,-0.05,0.03,-0.07,-0.23,0.82,—,0.07
5614,DPS,—,—,—,—,—,0.03,0.04,—,—,0.09,0.03
5614,Div Payout,—,—,—,—,—,—,—,—,—,—,30.6
5614,Shares,189,189,189,190,185,173,175,177,178,189,197
5614,BVPS,1.15,1.12,0.98,1.39,1.52,1.65,1.93,1.77,2.09,1.67,1.71
5614,OCF,-11,-9,1,4,-11,-20,-8,-4,158,19,14
5614,FCF,-22,-25,1,2,-81,-81,-56,-4,152,-3,9
5614,NP Margin,445.74,413.42,156.98,-400.77,-59.26,26.99,-37.94,-96.99,311.46,-0.07,9.72
5614,ROE,18.37,17.45,8.23,-40.72,-3.25,1.88,-3.88,-13.31,38.35,-0.03,3.51
5614,Revenue GR,-5.35,-14.40,-60.31,50.41,-24.69,-31.22,-25.77,1.82,-69.80,3.10,11.61
5614,Revenue GR 3Y avg,—,-20.05,-23.39,-7.98,-27.28,-19.59,-38.89,-31.81,-29.69,-9.65,-14.53
5614,Revenue GR 5Y avg,—,-23.34,-25.50,-10.05,-34.76,-30.52,-23.46,-25.68,-27.93,-6.29,-7.52
5614,Revenue GR 10Y avg,—,-23.40,-25.59,-19.49,-21.81,-19.84,—,—,—,—,—
5614,NP GR,—,—,37.76,—,—,-64.42,—,—,90.83,—,-6.41
5614,NP GR 3Y avg,—,—,—,—,—,-14.78,—,—,52.25,—,-11.89
5614,NP GR 5Y avg,—,6.32,—,—,—,-13.34,—,—,—,—,—
5614,NP GR 10Y avg,0.0,0.0,0.0,0.0,0.0,0.0,0.0,0.0,0.0,0.0,0.0
5614,EPS GR,-137.50,125.45,—,—,—,—,—,—,—,—,-27.55
5614,EPS GR 3Y avg,—,—,33.71,—,—,-64.04,—,—,100.18,—,-4.30
5614,EPS GR 5Y avg,—,—,—,—,—,-12.44,—,—,57.54,—,-13.66
5614,EPS GR 10Y avg,—,7.23,—,—,—,-13.05,—,—,—,—,—
5614,OCF GR,—,—,-70.46,—,—,—,—,—,712.31,38.85,-41.86
5614,FCF GR,—,—,-64.68,—,—,—,—,—,—,—,—
5614,D/E,0.23,0.25,0.31,0.40,0.32,0.22,0.15,0.09,0.12,0.20,0.30
5614,Price,0.5100,0.5600,0.4250,0.4650,0.6000,0.8550,0.8150,0.7100,0.7550,0.9000,0.6800
5681,Year End,TTM,2020-12,2019-12,2018-12,2017-12,2016-12,2015-12,2014-12,2013-12,2012-12,2011-03
5681,Revenue,"17,260","18,711","30,294","30,069","26,738","21,787","25,171","32,341","32,342","29,515","23,268"
5681,NP,497,276,830,850,"1,539",945,790,502,812,837,876
5681,EPS,0.50,0.28,0.83,0.85,1.55,0.95,0.80,0.51,0.81,0.84,0.88
5681,DPS,0.38,0.46,0.70,0.72,0.78,0.60,0.40,0.56,0.70,0.68,0.60
5681,Div Payout,76.0,161.9,92.7,69.8,66.1,80.3,54.0,92.9,83.1,80.2,—
5681,Shares,993,993,993,993,993,993,993,993,993,993,993
5681,BVPS,5.71,5.70,6.05,6.05,5.96,5.20,5.03,4.89,4.85,4.84,—
5681,OCF,"1,608",363,"2,409",82,"1,119",—,—,—,—,—,—
5681,FCF,"1,105",-80,"1,948",-293,"1,060","1,757",302,"2,155",869,"1,370",755
5681,NP Margin,2.88,1.47,2.74,2.83,5.76,4.34,3.14,1.55,2.51,2.84,3.74
5681,ROE,8.85,4.75,13.97,14.28,27.24,18.42,16.28,10.51,16.91,17.45,18.60
5681,Revenue GR,-22.13,-38.23,0.75,12.46,22.73,-13.45,-22.17,—,9.58,—,—
5681,Revenue GR 3Y avg,—,-11.22,11.61,6.11,-6.14,-12.34,-5.17,—,12.69,13.76,—
5681,Revenue GR 5Y avg,—,-5.76,-1.30,-1.45,-1.96,—,1.67,9.85,6.13,6.07,—
5681,Revenue GR 10Y avg,—,-2.21,3.99,2.18,1.88,1.14,4.38,—,—,—,—
5681,NP GR,—,-43.62,-4.24,2.47,45.33,5.18,-1.90,—,-2.72,3.68,—
5681,NP GR 3Y avg,—,-18.97,10.59,0.92,12.97,—,-2.15,-8.30,7.26,4.86,—
5681,NP GR 5Y avg,—,-11.16,0.93,3.96,8.94,3.96,4.70,—,—,—,—
5681,NP GR 10Y avg,0.0,0.0,0.0,0.0,0.0,0.0,0.0,0.0,0.0,0.0,0.0
5681,EPS GR,-740.00,-66.71,-2.34,-44.83,62.95,19.62,57.43,-38.19,-2.97,—,—
5681,EPS GR 3Y avg,—,-43.60,-4.24,2.46,45.32,5.19,-1.90,—,-2.46,3.89,—
5681,EPS GR 5Y avg,—,-18.95,10.58,0.91,12.98,—,-2.00,-8.18,7.39,5.05,—
5681,EPS GR 10Y avg,—,-11.08,1.00,4.02,9.04,4.06,4.65,—,—,—,—
5681,OCF GR,—,-84.94,—,-92.69,-43.62,221.80,-75.82,90.96,-28.13,—,—
5681,FCF GR,—,—,—,—,-39.66,482.40,-86.00,147.95,-36.54,—,—
5681,D/E,0.02,0.02,0.03,0.01,0.01,0.02,0.02,0.03,0.03,0.03,—
5681,Price,20.0400,21.4000,23.1000,26.5000,24.2600,23.8000,24.8600,17.1200,31.4400,23.5000,17.8000
5703,Year End,TTM,2020-12,2019-12,2018-12,2017-12,2016-12,2015-12,2014-12,2013-12,2012-12,2011-12
5703,Revenue,"1,084","1,200","1,537","1,576","1,397","1,919","1,605","1,734","1,936","2,626","2,026"
5703,NP,-123,-123,35,145,132,106,86,82,86,-93,64
5703,EPS,-0.25,-0.25,0.07,0.30,0.27,0.22,0.19,0.18,0.20,-0.23,0.15
5703,DPS,0.03,0.03,0.07,0.07,—,0.05,0.04,0.04,0.03,0.05,0.04
5703,Div Payout,—,—,28.0,23.8,—,25.5,21.4,23.5,—,—,30.4
5703,Shares,483,483,488,489,484,475,465,456,438,413,414
5703,BVPS,2.28,2.18,2.46,2.33,2.12,1.85,1.72,1.40,1.25,1.11,1.11
5703,OCF,249,215,-25,24,451,168,31,-118,368,157,170
5703,FCF,192,148,-117,-101,345,81,-40,-178,324,85,-22
5703,NP Margin,-11.33,-10.25,2.27,9.19,9.42,5.50,5.33,4.70,4.46,-3.55,3.15
5703,ROE,-10.87,-11.18,3.12,13.33,12.98,11.77,11.73,13.52,16.99,-19.24,13.19
5703,Revenue GR,-34.62,-21.98,-2.45,12.85,-27.21,19.55,-7.43,-10.47,-26.25,29.57,14.56
5703,Revenue GR 3Y avg,—,-4.94,-7.12,-0.60,-6.95,-0.31,-15.13,-5.07,3.06,5.25,-0.12
5703,Revenue GR 5Y avg,—,-5.66,-2.37,-4.03,-11.86,-1.09,-1.93,-5.10,-0.97,13.22,13.28
5703,Revenue GR 10Y avg,—,-3.81,-3.75,-2.52,-0.11,5.85,—,—,—,—,—
5703,NP GR,—,—,-30.85,19.15,17.30,6.89,—,8.54,37.89,—,43.02
5703,NP GR 3Y avg,—,—,-15.62,10.88,—,10.59,21.04,45.10,31.70,—,13.54
5703,NP GR 5Y avg,—,—,10.65,20.85,6.49,12.06,—,—,—,—,—
5703,NP GR 10Y avg,0.0,0.0,0.0,0.0,0.0,0.0,0.0,0.0,0.0,0.0,0.0
5703,EPS GR,3.77,—,-75.84,8.75,22.62,20.53,2.96,-9.42,—,—,87.59
5703,EPS GR 3Y avg,—,—,-31.44,17.14,15.02,3.98,—,5.07,33.94,—,41.46
5703,EPS GR 5Y avg,—,—,-16.75,8.43,—,7.56,17.51,41.37,29.38,—,27.98
5703,EPS GR 10Y avg,—,—,8.49,18.45,4.43,17.33,—,—,—,—,—
5703,OCF GR,—,—,—,-94.78,167.99,439.93,—,—,134.13,-7.39,—
5703,FCF GR,—,—,—,—,326.62,—,—,—,281.68,—,—
5703,D/E,0.14,0.15,0.04,0.06,0.09,0.07,0.06,0.11,0.24,0.34,0.45
5703,Price,1.0400,1.0000,2.4600,2.7900,2.8400,2.2300,2.2100,1.8700,2.2800,0.8200,1.1300
5789,Year End,TTM,2020-12,2019-12,2018-12,2017-12,2016-12,2015-12,2014-12,2013-12,2012-12,2011-12
5789,Revenue,"1,200","1,096","1,325","1,122","1,362",994,680,668,534,510,450
5789,NP,67,51,68,86,103,85,76,70,393,37,34
5789,EPS,0.03,0.03,0.03,0.05,0.03,0.03,0.06,0.06,0.41,0.04,0.39
5789,DPS,—,—,0.02,0.02,0.02,0.02,0.01,0.01,0.01,0.01,—
5789,Div Payout,—,—,45.1,65.3,25.4,26.6,23.1,37.7,2.6,22.4,—
5789,Shares,"1,544","1,537","1,571","1,507","3,458","3,070","1,313","1,179",967,869,876
5789,BVPS,0.88,0.89,0.78,0.75,0.77,0.79,0.85,0.77,0.83,0.51,—
5789,OCF,-6,92,304,-46,-82,-109,-81,-106,15,92,-32
5789,FCF,-53,42,242,-128,-102,-121,-94,-109,11,87,-36
5789,NP Margin,4.34,3.71,4.62,7.02,7.59,8.58,11.18,10.46,73.60,7.29,7.63
5789,ROE,3.80,2.95,4.54,5.98,8.71,8.05,7.60,7.61,59.73,8.57,8.09
5789,Revenue GR,34.51,-17.27,18.11,-17.63,37.10,46.06,1.80,25.25,4.69,13.36,31.87
5789,Revenue GR 3Y avg,—,-6.98,10.08,18.15,26.80,23.03,10.11,14.13,16.10,36.94,19.83
5789,Revenue GR 5Y avg,—,10.01,14.68,16.03,21.73,17.19,14.82,27.48,15.35,12.62,6.46
5789,Revenue GR 10Y avg,—,12.39,20.91,15.69,17.09,11.70,—,—,—,—,—
5789,NP GR,—,-20.81,-7.50,3.99,13.91,-39.89,26.98,26.80,187.57,—,16.85
5789,NP GR 3Y avg,—,-7.57,-0.70,-26.27,22.70,19.99,35.73,—,78.78,45.99,49.31
5789,NP GR 5Y avg,—,12.01,—,14.81,33.84,33.85,—,—,—,—,—
5789,NP GR 10Y avg,0.0,0.0,0.0,0.0,0.0,0.0,0.0,0.0,0.0,0.0,0.0
5789,EPS GR,124.59,-30.01,-29.48,79.70,-51.12,5.48,-2.38,-85.39,848.97,9.32,107.73
5789,EPS GR 3Y avg,—,-3.92,-14.75,-2.51,-20.45,-46.81,10.62,14.87,178.28,—,16.71
5789,EPS GR 5Y avg,—,-14.48,-8.60,-33.28,-6.94,9.31,25.18,—,75.17,46.09,49.36
5789,EPS GR 10Y avg,—,3.46,—,8.10,16.60,27.78,—,—,—,—,—
5789,OCF GR,—,-69.68,—,—,—,—,—,—,-83.79,—,—
5789,FCF GR,—,-82.79,—,—,—,—,—,—,-87.55,—,—
5789,D/E,0.37,0.32,0.45,0.50,0.40,0.29,0.28,0.29,0.37,0.51,0.91
5789,Price,0.4750,0.4200,0.4950,0.6400,2.3500,1.6700,1.4400,1.6300,1.5600,0.8400,0.7700
5797,Year End,TTM,2020-12,2019-12,2018-12,2017-12,2016-12,2015-12,2014-12,2013-12,2012-12,2011-12
5797,Revenue,405,345,443,500,457,370,461,494,469,450,449
5797,NP,43,19,-1,32,42,25,6,12,22,10,24
5797,EPS,0.33,0.14,-0.01,0.25,0.32,0.19,0.05,0.09,0.17,0.07,0.18
5797,DPS,—,—,0.05,0.05,0.05,0.03,0.05,0.05,0.04,0.05,0.05
5797,Div Payout,—,—,277.8,14.9,18.4,24.2,82.6,41.5,32.4,68.2,40.0
5797,Shares,131,131,131,131,131,131,131,131,131,131,131
5797,BVPS,4.18,3.89,3.84,3.87,3.60,3.40,3.29,3.28,3.21,3.12,2.91
5797,OCF,23,17,96,-27,-26,70,90,12,-46,56,19
5797,FCF,17,12,67,-31,-29,51,85,-8,-59,53,12
5797,NP Margin,10.66,5.65,-0.25,6.47,9.12,6.69,1.29,2.45,4.78,2.14,5.35
5797,ROE,8.22,3.82,-0.22,6.52,8.91,5.60,1.37,2.82,5.37,2.38,6.10
5797,Revenue GR,80.28,-22.19,-11.42,9.47,23.64,-19.86,-6.69,5.37,4.32,0.21,11.68
5797,Revenue GR 3Y avg,—,-8.96,6.23,2.75,-2.58,-7.63,0.85,3.28,5.30,3.60,-8.20
5797,Revenue GR 5Y avg,—,-5.65,-2.16,1.30,0.32,-3.80,2.80,4.09,-4.16,-0.55,4.69
5797,Revenue GR 10Y avg,—,-1.52,0.92,-1.47,-0.11,0.35,—,—,—,—,—
5797,NP GR,—,-22.40,—,76.06,50.92,3.30,-14.95,-20.37,12.38,-20.92,-5.28
5797,NP GR 3Y avg,—,26.86,—,7.62,34.02,0.57,-17.80,-9.06,-4.53,-18.89,-5.83
5797,NP GR 5Y avg,—,2.12,—,1.36,4.26,-2.68,—,—,—,—,—
5797,NP GR 10Y avg,0.0,0.0,0.0,0.0,0.0,0.0,0.0,0.0,0.0,0.0,0.0
5797,EPS GR,655.60,—,—,-22.54,69.14,316.91,-50.99,-46.12,134.09,-60.00,46.67
5797,EPS GR 3Y avg,—,-22.47,—,76.11,51.19,3.26,-14.81,-20.39,11.15,-21.22,-6.60
5797,EPS GR 5Y avg,—,26.87,—,7.60,34.24,0.61,-18.36,-9.22,-5.27,-19.48,-6.63
5797,EPS GR 10Y avg,—,1.77,—,0.96,3.97,-3.08,—,—,—,—,—
5797,OCF GR,—,-82.78,—,—,—,-22.31,650.78,—,—,202.26,28.82
5797,FCF GR,—,-82.21,—,—,—,-39.59,—,—,—,341.86,266.48
5797,D/E,—,—,—,—,—,—,—,—,—,—,—
5797,Price,1.4800,1.6500,1.2300,1.4800,2.3800,1.6600,1.4800,1.7000,1.5700,1.3000,1.4600
5819,Year End,TTM,2020-06,2019-06,2018-06,2017-06,2016-06,2015-06,2014-06,2013-06,2012-06,2011-06
5819,Revenue,"5,278","4,707","4,571","4,811","4,492","4,128","3,984","4,052","3,921","3,894","2,542"
5819,NP,"2,741","2,495","2,665","2,638","2,145","1,903","2,233","2,102","1,856","1,648","1,135"
5819,EPS,1.34,1.22,1.30,1.28,1.05,0.99,1.22,1.15,1.02,1.01,0.72
5819,DPS,0.35,0.50,0.48,0.46,0.41,0.40,0.40,0.43,0.41,0.25,0.22
5819,Div Payout,26.0,39.9,37.1,41.5,37.6,37.9,33.5,40.0,42.3,30.9,—
5819,Shares,"2,047","2,047","2,046","2,049","2,046","1,907","1,828","1,823","1,817","1,725","1,575"
5819,BVPS,13.68,12.64,11.94,11.19,10.59,9.79,8.38,7.51,6.79,5.86,—
5819,OCF,"5,893","10,213","-1,321","-1,768","6,190","10,514","-3,613","4,077","3,300","-13,514","2,966"
5819,FCF,"5,746","10,004","-1,455","-1,905","6,012","10,156","-3,846","3,887","3,155","-13,808","2,843"
5819,NP Margin,51.93,52.99,58.30,54.83,47.76,46.11,56.06,51.89,47.34,42.33,44.64
5819,ROE,9.98,9.47,10.79,11.33,9.79,10.04,14.26,15.25,15.18,17.46,16.34
5819,Revenue GR,23.24,2.99,-5.00,7.11,8.80,3.63,-1.67,3.33,0.70,53.15,—
5819,Revenue GR 3Y avg,—,1.57,3.45,6.49,3.50,1.73,0.77,16.80,23.99,22.87,—
5819,Revenue GR 5Y avg,—,3.39,2.44,4.18,2.90,10.18,14.13,14.06,14.20,17.13,—
5819,Revenue GR 10Y avg,—,8.63,8.09,9.08,9.78,9.80,10.60,—,—,—,—
5819,NP GR,—,5.16,11.87,5.71,0.67,0.84,10.66,22.81,23.40,22.14,—
5819,NP GR 3Y avg,—,2.24,4.85,7.28,5.41,10.90,17.72,18.37,20.13,21.57,—
5819,NP GR 5Y avg,—,9.70,11.41,13.53,13.20,13.22,15.84,—,—,—,—
5819,NP GR 10Y avg,0.0,0.0,0.0,0.0,0.0,0.0,0.0,0.0,0.0,0.0,0.0
5819,EPS GR,44.44,-6.23,1.01,22.81,5.01,-18.31,5.95,12.87,6.88,32.56,—
5819,EPS GR 3Y avg,—,5.17,9.21,1.75,-3.13,-0.77,8.52,16.94,17.30,18.12,—
5819,EPS GR 5Y avg,—,-0.04,2.43,4.73,1.86,6.72,14.06,14.73,16.54,19.42,—
5819,EPS GR 10Y avg,—,6.77,8.41,10.48,10.29,11.44,14.91,—,—,—,—
5819,OCF GR,—,—,—,—,-41.13,—,—,23.54,—,—,—
5819,FCF GR,—,—,—,—,-40.80,—,—,23.20,—,—,—
5819,D/E,0.10,0.10,0.13,0.18,0.25,0.30,0.64,0.63,0.69,0.56,1.07
5819,Price,18.7000,14.0800,19.0000,18.2000,15.6600,13.1800,13.4000,13.8000,13.9000,12.4400,13.3800
5827,Year End,TTM,2019-06,2018-06,2017-06,2016-06,2015-06,2014-06,2013-06,2012-06,2011-06,2010-06
5827,Revenue,266,297,269,248,233,220,98,84,104,95,96
5827,NP,41,57,38,39,40,20,9,4,9,-7,1
5827,EPS,0.08,0.11,0.08,0.08,0.09,0.04,0.02,0.01,0.02,-0.02,—
5827,DPS,0.02,0.02,0.02,0.02,0.02,0.01,0.02,0.02,0.02,0.02,0.02
5827,Div Payout,30.5,—,—,—,—,—,—,—,—,—,—
5827,Shares,498,498,480,466,466,466,466,466,466,466,466
5827,BVPS,1.05,—,—,—,—,—,—,—,—,—,—
5827,OCF,84,102,-57,23,20,8,24,-4,14,-3,9
5827,FCF,82,97,-59,20,17,6,23,-6,14,-5,8
5827,NP Margin,15.27,19.17,14.10,15.53,17.22,9.10,9.43,4.55,8.69,-7.43,1.29
5827,ROE,9.30,13.65,10.31,11.75,13.43,7.22,3.43,1.42,3.40,-2.58,0.45
5827,Revenue GR,139.81,10.22,8.51,6.36,6.13,124.92,16.69,-19.77,10.11,—,—
5827,Revenue GR 3Y avg,—,8.35,6.99,36.42,40.70,28.17,1.02,-4.58,-0.57,—,—
5827,Revenue GR 5Y avg,—,24.87,26.31,18.90,19.73,17.92,-1.65,-2.80,-2.75,—,—
5827,Revenue GR 10Y avg,—,10.82,10.80,7.53,5.24,—,—,—,—,—,—
5827,NP GR,—,12.29,23.80,61.10,119.21,30.14,—,45.21,1.56,—,—
5827,NP GR 3Y avg,—,43.91,58.32,33.54,—,74.23,1.25,-10.24,-4.07,—,—
5827,NP GR 5Y avg,—,20.71,19.21,13.18,5.26,—,—,—,—,—,—
5827,NP GR 10Y avg,0.0,0.0,0.0,0.0,0.0,0.0,0.0,0.0,0.0,0.0,0.0
5827,EPS GR,57.31,44.24,-4.25,-4.11,100.87,117.11,141.57,-57.94,—,—,—
5827,EPS GR 3Y avg,—,9.82,22.63,61.11,119.22,30.17,—,45.03,1.55,—,—
5827,EPS GR 5Y avg,—,42.01,57.44,33.55,—,74.11,1.24,-10.15,-3.97,—,—
5827,EPS GR 10Y avg,—,19.91,18.93,13.24,5.27,—,—,—,—,—,—
5827,OCF GR,—,—,—,18.09,141.20,-66.46,—,—,—,—,—
5827,FCF GR,—,—,—,17.53,167.28,-73.57,—,—,—,—,—
5827,D/E,0.05,0.11,0.17,0.07,0.10,0.08,—,—,—,—,—
5827,Price,2.6000,1.7300,2.0000,2.0000,2.1500,2.5900,2.5300,2.7200,2.5900,1.4400,1.2500
5843,Year End,TTM,2020-12,2019-12,2018-12,2017-12,2016-12,2015-12,2014-12,2013-12,2012-12,2011-12
5843,Revenue,"1,151","1,077",867,582,361,144,85,314,302,348,422
5843,NP,42,34,27,-206,59,98,55,116,263,59,46
5843,EPS,0.08,0.06,0.05,-0.38,0.11,0.18,0.10,0.22,0.49,0.11,0.09
5843,DPS,—,—,0.04,0.04,0.04,0.02,0.04,0.04,0.04,0.06,0.04
5843,Div Payout,—,—,106.0,—,54.6,8.2,23.0,28.2,0.1,48.5,14.5
5843,Shares,537,537,537,537,521,537,537,537,537,515,514
5843,BVPS,1.88,1.81,1.76,2.08,2.55,2.52,2.27,2.16,2.04,2.21,2.16
5843,OCF,89,82,35,-21,-42,-13,19,35,63,86,28
5843,FCF,57,53,8,-51,-47,-17,17,32,58,82,22
5843,NP Margin,3.65,3.17,3.10,-35.30,16.26,67.66,65.02,36.80,87.11,16.95,11.00
5843,ROE,4.25,3.50,2.57,-16.47,4.37,7.62,4.54,10.07,23.61,5.35,4.40
5843,Revenue GR,31.57,24.20,48.85,61.08,150.17,69.80,-72.90,3.82,-13.14,-17.51,3.84
5843,Revenue GR 3Y avg,—,43.87,81.70,89.85,4.80,-21.83,-37.48,-9.39,-9.39,0.30,11.34
5843,Revenue GR 5Y avg,—,66.12,22.51,14.00,0.75,-19.30,-26.86,-1.87,-0.22,-3.93,2.20
5843,Revenue GR 10Y avg,—,10.23,9.65,6.65,-1.62,-9.18,—,—,—,—,—
5843,NP GR,—,-16.58,-34.97,—,-20.18,-28.14,-2.13,35.51,82.27,-6.50,—
5843,NP GR 3Y avg,—,-9.22,-25.30,—,-0.09,16.05,4.92,9.86,—,13.03,19.82
5843,NP GR 5Y avg,—,-2.40,-9.41,—,6.27,17.92,—,—,—,—,—
5843,NP GR 10Y avg,0.0,0.0,0.0,0.0,0.0,0.0,0.0,0.0,0.0,0.0,0.0
5843,EPS GR,233.33,27.00,—,—,-39.87,76.81,-52.16,-56.14,327.27,27.10,6.63
5843,EPS GR 3Y avg,—,-16.58,-34.98,—,-20.18,-28.15,-3.58,33.54,79.57,-6.47,200.61
5843,EPS GR 5Y avg,—,-9.20,-25.31,—,-0.96,15.03,3.97,8.92,171.50,12.06,17.41
5843,EPS GR 10Y avg,—,-2.84,-9.80,—,5.35,16.22,—,—,—,—,—
5843,OCF GR,—,133.22,—,—,—,—,-44.19,-44.64,-26.95,212.00,—
5843,FCF GR,—,539.63,—,—,—,—,-47.57,-44.79,-28.94,266.78,—
5843,D/E,0.45,0.51,0.55,0.36,0.17,0.12,—,0.50,0.60,0.80,0.98
5843,Price,0.9650,0.9200,0.7000,1.2100,1.3000,1.2000,1.1600,1.4600,1.9200,0.9100,0.9100
5878,Year End,TTM,2020-12,2019-12,2018-12,2017-12,2016-12,2015-12,2014-12,2013-12,2012-12,2011-12
5878,Revenue,"2,302","2,362","3,565","3,271","3,143","2,985","2,829","2,639","2,332","2,096","1,909"
5878,NP,85,110,211,179,162,149,135,143,103,140,144
5878,EPS,0.02,0.02,0.05,0.04,0.03,0.03,0.03,0.04,0.03,0.03,0.04
5878,DPS,0.01,0.02,0.02,0.01,0.02,0.02,0.02,0.01,0.02,0.02,0.02
5878,Div Payout,36.6,34.2,49.6,50.3,55.6,59.7,53.0,37.7,65.4,58.0,49.2
5878,Shares,"4,458","4,460","4,460","4,835","4,985","4,994","4,849","4,075","3,986","4,218","3,822"
5878,BVPS,0.48,0.47,0.40,0.40,0.40,0.38,0.33,0.30,0.27,0.26,0.21
5878,OCF,307,337,590,518,397,143,189,319,154,201,205
5878,FCF,93,95,186,131,-64,-127,-164,-56,-163,-170,66
5878,NP Margin,3.69,4.68,5.93,5.49,5.15,5.00,4.78,5.42,4.42,6.68,7.53
5878,ROE,4.27,5.60,10.90,9.67,9.75,9.73,9.91,12.19,9.71,14.52,17.29
5878,Revenue GR,-31.47,-33.75,9.01,4.05,5.31,5.53,7.18,13.19,11.24,9.80,15.37
5878,Revenue GR 3Y avg,—,-9.09,6.10,4.96,6.00,8.58,10.51,11.40,12.11,12.91,14.63
5878,Revenue GR 5Y avg,—,-3.54,6.20,7.00,8.44,9.35,11.32,12.63,12.97,13.60,18.08
5878,Revenue GR 10Y avg,—,3.62,9.37,9.95,10.99,13.63,—,—,—,—,—
5878,NP GR,—,-11.97,12.31,9.86,4.22,13.10,-1.14,-0.15,-4.64,8.10,18.82
5878,NP GR 3Y avg,—,-3.98,8.12,11.72,2.94,0.76,2.62,5.22,3.78,13.54,28.53
5878,NP GR 5Y avg,—,-0.73,6.66,7.68,8.11,13.80,—,—,—,—,—
5878,NP GR 10Y avg,0.0,0.0,0.0,0.0,0.0,0.0,0.0,0.0,0.0,0.0,0.0
5878,EPS GR,-66.28,-47.68,27.42,14.46,8.97,-6.36,-9.26,47.79,-29.89,-9.90,14.92
5878,EPS GR 3Y avg,—,-8.62,16.70,5.31,-2.53,7.89,-2.03,-2.26,-10.12,-0.49,12.65
5878,EPS GR 5Y avg,—,-4.88,6.19,9.39,-0.82,-4.52,-0.53,0.42,-2.02,8.14,23.89
5878,EPS GR 10Y avg,—,-2.73,3.27,3.53,3.56,8.76,—,—,—,—,—
5878,OCF GR,—,-42.96,13.91,30.69,176.85,-24.25,-40.64,106.72,-23.35,-1.99,8.93
5878,FCF GR,—,-49.13,42.62,—,—,—,—,—,—,—,—
5878,D/E,1.24,1.27,1.40,0.75,0.72,0.78,0.80,0.27,0.61,0.37,0.34
5878,Price,1.0300,1.0000,0.9450,1.0400,0.9700,4.1800,4.2200,3.7000,3.8800,5.7400,4.7000
5908,Year End,TTM,2020-12,2019-12,2018-12,2017-12,2016-12,2015-12,2014-12,2013-12,2012-12,2011-12
5908,Revenue,"6,387","6,356","6,457","6,010","5,510","5,271","5,572","5,339","5,079","4,746","4,261"
5908,NP,63,49,39,45,52,50,37,60,175,78,44
5908,EPS,0.40,0.31,0.25,0.28,0.33,0.32,0.23,0.38,1.11,0.49,0.28
5908,DPS,—,—,0.10,0.10,0.10,0.10,0.10,0.10,0.09,0.07,0.04
5908,Div Payout,—,—,48.8,31.7,30.1,31.8,34.0,9.1,17.0,14.1,19.5
5908,Shares,158,158,158,158,158,158,158,158,158,158,158
5908,BVPS,4.40,4.13,3.82,3.72,3.50,3.28,3.08,2.89,2.03,1.84,1.17
5908,OCF,163,38,4,32,10,46,-19,56,64,-9,15
5908,FCF,154,27,-9,24,5,39,-40,49,49,-15,9
5908,NP Margin,0.98,0.77,0.60,0.74,0.95,0.96,0.66,1.12,3.44,1.64,1.04
5908,ROE,9.50,7.58,6.42,7.65,9.48,9.83,7.60,12.98,47.25,30.32,21.79
5908,Revenue GR,1.84,-1.57,7.43,9.09,4.52,-5.40,4.36,5.12,7.03,11.38,10.16
5908,Revenue GR 3Y avg,—,4.88,7.00,2.55,1.05,1.24,5.50,7.81,9.51,10.06,5.56
5908,Revenue GR 5Y avg,—,2.67,3.87,3.42,3.03,4.35,7.58,8.45,6.99,7.07,7.35
5908,Revenue GR 10Y avg,—,5.09,6.14,5.19,5.03,5.84,—,—,—,—,—
5908,NP GR,—,-2.09,-8.20,6.57,-4.56,-33.91,-22.05,10.55,84.22,54.10,247.59
5908,NP GR 3Y avg,—,5.82,-8.21,-23.91,-7.70,2.62,5.67,23.04,177.84,121.88,38.80
5908,NP GR 5Y avg,—,5.75,6.27,45.40,43.10,19.35,—,—,—,—,—
5908,NP GR 10Y avg,0.0,0.0,0.0,0.0,0.0,0.0,0.0,0.0,0.0,0.0,0.0
5908,EPS GR,138.22,25.19,-12.41,-14.38,3.19,37.03,-38.53,-65.73,124.84,75.33,58.75
5908,EPS GR 3Y avg,—,-2.08,-8.19,6.58,-4.56,-33.91,-22.05,10.54,84.28,54.02,247.56
5908,EPS GR 5Y avg,—,5.83,-8.20,-23.91,-7.71,2.62,5.68,23.00,177.82,121.74,38.80
5908,EPS GR 10Y avg,—,5.76,6.26,45.39,43.06,19.35,—,—,—,—,—
5908,OCF GR,—,951.29,-88.77,227.97,-78.96,—,—,-11.13,—,—,-72.89
5908,FCF GR,—,—,—,414.13,-88.08,—,—,0.64,—,—,-82.70
5908,D/E,0.51,0.85,1.02,0.05,0.05,—,—,—,—,0.15,0.26
5908,Price,2.9800,3.3900,2.6200,2.3000,3.9800,4.4700,4.0000,5.3800,6.4500,2.2500,1.5600
5916,Year End,TTM,2020-12,2019-12,2018-12,2017-12,2016-12,2015-12,2014-12,2013-12,2012-12,2011-12
5916,Revenue,884,813,984,"1,281","1,436","1,478","1,465","1,915","1,582","2,329","3,099"
5916,NP,50,15,31,34,16,34,-5,-10,17,-172,57
5916,EPS,0.13,0.03,0.07,0.08,0.04,0.09,-0.01,-0.02,0.04,-0.43,0.15
5916,DPS,0.02,0.02,0.02,0.01,0.02,—,—,—,—,0.04,0.04
5916,Div Payout,15.9,—,12.8,70.2,25.3,—,—,—,—,—,18.9
5916,Shares,400,400,400,400,400,400,400,400,400,400,400
5916,BVPS,1.06,0.91,0.96,0.83,0.76,0.68,0.60,0.56,0.55,0.58,1.15
5916,OCF,-118,-106,46,74,-111,55,-23,21,57,64,209
5916,FCF,-136,-123,32,55,-121,-3,-31,7,19,21,197
5916,NP Margin,5.71,1.86,3.12,2.68,1.12,2.32,-0.33,-0.52,1.06,-7.40,1.95
5916,ROE,12.94,3.98,8.56,10.74,5.65,13.20,-2.02,-4.32,7.37,-52.24,17.50
5916,Revenue GR,34.38,-17.31,-23.21,-10.81,-2.83,0.89,-23.51,21.06,-32.07,-24.85,13.13
5916,Revenue GR 3Y avg,—,-17.26,-12.69,-4.37,-9.15,-2.24,-14.32,-14.82,-16.72,7.94,10.83
5916,Revenue GR 5Y avg,—,-11.10,-12.48,-4.13,-9.21,-13.76,-11.76,0.68,-7.02,4.01,13.60
5916,Revenue GR 10Y avg,—,-11.43,-6.13,-5.59,-2.83,-1.02,-1.44,—,—,—,—
5916,NP GR,—,-1.99,-3.68,—,—,26.95,—,—,—,—,—
5916,NP GR 3Y avg,—,—,—,15.37,—,-9.53,—,—,—,—,4.96
5916,NP GR 5Y avg,—,—,23.66,—,-14.62,-2.55,—,—,—,—,—
5916,NP GR 10Y avg,0.0,0.0,0.0,0.0,0.0,0.0,0.0,0.0,0.0,0.0,0.0
5916,EPS GR,-266.67,-50.65,-10.47,113.66,-53.06,—,—,—,—,—,—
5916,EPS GR 3Y avg,—,-1.90,-3.52,—,—,26.86,—,—,—,—,—
5916,EPS GR 5Y avg,—,—,—,15.41,—,-11.05,—,—,—,—,2.18
5916,EPS GR 10Y avg,—,—,12.13,—,-15.80,-4.66,—,—,—,—,—
5916,OCF GR,—,—,-37.29,—,—,—,—,-62.36,-11.03,-69.27,271.26
5916,FCF GR,—,—,-42.03,—,—,—,—,-63.20,-10.36,-89.24,531.13
5916,D/E,0.13,0.14,0.21,0.14,—,0.18,—,0.02,0.11,0.03,0.09
5916,Price,2.0800,1.4300,0.8450,0.7000,3.3400,3.9300,2.4800,2.5500,2.7300,3.1400,3.9900
5983,Year End,TTM,2020-12,2019-12,2018-12,2017-12,2016-12,2015-12,2014-12,2013-12,2012-12,2011-12
5983,Revenue,"1,836","1,792","2,083","1,925","1,720","1,670","1,815","1,774","2,234","2,268","1,708"
5983,NP,179,159,224,167,-139,66,84,112,138,136,121
5983,EPS,0.46,0.40,0.57,0.42,-0.35,0.17,0.21,0.28,0.34,0.37,0.34
5983,DPS,0.20,0.21,0.15,0.04,0.04,0.06,0.08,0.07,0.06,0.03,0.07
5983,Div Payout,41.9,63.1,25.1,—,35.2,33.7,29.9,24.3,17.8,8.0,13.8
5983,Shares,391,391,391,391,391,392,391,391,399,368,350
5983,BVPS,4.73,4.49,4.36,3.88,4.17,4.09,4.07,3.83,3.61,3.42,2.71
5983,OCF,101,80,34,65,82,-37,38,44,131,-89,-9
5983,FCF,95,75,22,55,76,-62,21,15,35,-178,-35
5983,NP Margin,9.74,8.87,10.74,8.66,-8.06,3.96,4.63,6.33,6.16,6.02,7.10
5983,ROE,9.94,8.89,13.44,11.01,-9.08,4.17,5.44,7.57,9.91,11.16,11.40
5983,Revenue GR,11.83,-14.00,8.19,11.92,3.01,-7.98,2.31,-20.59,-1.47,32.74,11.77
5983,Revenue GR 3Y avg,—,1.36,7.64,1.99,-1.02,-9.24,-7.15,1.27,13.49,24.33,14.02
5983,Revenue GR 5Y avg,—,-0.26,3.26,-2.93,-5.37,-0.45,3.50,8.50,14.16,15.97,8.58
5983,Revenue GR 10Y avg,—,1.60,5.85,5.27,4.76,3.97,—,—,—,—,—
5983,NP GR,—,—,50.15,25.68,—,-21.71,-14.93,-2.54,-1.05,27.05,1.15
5983,NP GR 3Y avg,—,13.61,14.79,3.91,—,-11.43,-9.98,11.02,3.29,4.30,5.65
5983,NP GR 5Y avg,—,1.13,12.89,3.59,—,-3.27,—,—,—,—,—
5983,NP GR 10Y avg,0.0,0.0,0.0,0.0,0.0,0.0,0.0,0.0,0.0,0.0,0.0
5983,EPS GR,72.84,-28.85,34.27,—,—,-21.86,-25.09,-16.81,-7.01,16.34,-14.83
5983,EPS GR 3Y avg,—,—,50.44,25.60,—,-21.33,-16.63,-3.45,-2.69,27.87,1.16
5983,EPS GR 5Y avg,—,13.61,14.79,4.31,—,-12.03,-10.50,10.10,2.29,4.91,5.49
5983,EPS GR 10Y avg,—,0.84,12.42,3.30,—,-3.67,—,—,—,—,—
5983,OCF GR,—,138.25,-48.43,-20.65,—,—,-13.48,-66.46,—,—,—
5983,FCF GR,—,248.91,-61.00,-26.90,—,—,33.97,-55.53,—,—,—
5983,D/E,—,—,0.01,0.05,0.07,0.13,0.17,0.20,0.22,0.24,0.30
5983,Price,3.4300,3.3900,3.8600,2.2000,2.2000,2.1400,2.4000,2.9000,3.2100,3.2100,2.4500
6009,Year End,TTM,2020-09,2019-09,2018-09,2017-09,2016-09,2015-09,2014-09,2013-09,2012-09,2011-09
6009,Revenue,225,234,241,239,263,290,403,420,429,598,559
6009,NP,5,-10,-8,-12,262,-6,43,418,428,37,49
6009,EPS,0.02,-0.04,-0.03,-0.05,0.03,1.04,0.15,0.09,1.51,1.49,0.17
6009,DPS,0.06,0.07,0.06,0.06,0.06,0.08,0.08,0.07,0.06,0.06,0.05
6009,Div Payout,301.5,—,—,—,—,—,—,—,—,33.9,27.8
6009,Shares,268,269,272,259,236,276,280,281,283,287,286
6009,BVPS,1.10,1.03,1.09,1.17,1.36,1.33,1.32,1.38,1.32,0.79,0.74
6009,OCF,11,11,14,45,42,30,80,34,-84,23,-55
6009,FCF,10,10,12,44,41,29,78,33,-85,23,-56
6009,NP Margin,2.37,-4.20,-3.50,-5.14,99.37,-1.91,10.55,99.34,99.62,6.16,8.85
6009,ROE,1.89,-3.51,-2.74,-3.60,73.20,-1.49,11.01,108.67,136.47,16.00,25.54
6009,Revenue GR,-4.01,-2.77,0.95,-9.40,-9.09,-28.20,-4.06,-2.04,-28.24,7.01,12.00
6009,Revenue GR 3Y avg,—,-3.83,-5.96,-16.06,-14.45,-12.29,-12.31,-9.05,-4.90,12.56,17.93
6009,Revenue GR 5Y avg,—,-10.31,-10.55,-11.08,-15.13,-12.32,-4.17,0.05,4.72,15.05,15.06
6009,Revenue GR 10Y avg,—,-7.29,-5.40,-3.50,-1.19,0.44,—,—,—,—,—
6009,NP GR,—,—,—,—,-14.44,—,4.91,103.65,176.29,35.11,—
6009,NP GR 3Y avg,—,—,—,—,47.99,—,15.99,94.65,—,62.68,—
6009,NP GR 5Y avg,—,—,—,—,55.16,—,—,—,—,—,—
6009,NP GR 10Y avg,0.0,0.0,0.0,0.0,0.0,0.0,0.0,0.0,0.0,0.0,0.0
6009,EPS GR,-486.67,—,—,—,—,—,-89.79,-1.34,—,-25.47,120.79
6009,EPS GR 3Y avg,—,—,—,—,-13.93,—,5.68,105.01,168.16,28.79,—
6009,EPS GR 5Y avg,—,—,—,—,49.11,—,14.20,89.91,—,57.84,—
6009,EPS GR 10Y avg,—,—,—,—,53.42,—,—,—,—,—,—
6009,OCF GR,—,-21.38,-68.06,6.27,40.24,-62.32,132.24,—,—,—,—
6009,FCF GR,—,-18.47,-71.92,6.38,42.73,-62.97,140.08,—,—,—,—
6009,D/E,0.32,0.32,0.12,0.11,0.10,0.10,0.09,0.09,0.09,—,—
6009,Price,0.9000,0.8300,0.9800,1.0500,1.2700,1.3200,1.3700,1.4000,1.3900,1.1500,0.7100
6012,Year End,TTM,2020-12,2019-12,2018-12,2017-12,2016-12,2015-12,2014-12,2013-12,2012-12,2011-12
6012,Revenue,"8,853","8,966","9,313","9,192","8,696","8,612","8,601","8,389","9,084","8,967","8,800"
6012,NP,"1,359","1,382","1,519","1,780","2,192","2,013","1,739","1,717","1,765","1,856","2,531"
6012,EPS,0.17,0.17,0.19,0.23,0.28,0.27,0.23,0.23,0.24,0.25,0.34
6012,DPS,0.16,0.17,0.20,0.20,0.20,0.20,0.31,0.32,0.40,0.40,0.40
6012,Div Payout,92.0,99.5,109.9,75.4,70.9,75.9,159.0,143.9,161.7,161.7,107.8
6012,Shares,"7,826","7,825","7,822","7,831","7,681","7,510","7,511","7,507","7,504","7,502","7,500"
6012,BVPS,0.90,0.91,0.91,0.93,0.88,0.61,0.54,0.66,0.83,0.94,1.16
6012,OCF,"3,557","3,639","3,379","3,330","3,823","3,100","4,073","4,106","3,477","3,421","3,711"
6012,FCF,"2,185","2,243","2,008","1,917","1,875","1,242","2,193","2,870","2,669","2,431","2,723"
6012,NP Margin,15.35,15.41,16.31,19.36,25.20,23.38,20.22,20.47,19.43,20.70,28.71
6012,ROE,19.35,19.58,21.36,25.08,37.26,45.18,39.05,32.05,27.05,24.53,30.17
6012,Revenue GR,-4.83,-3.73,1.31,5.70,0.98,0.13,2.53,-7.66,1.31,1.90,-0.78
6012,Revenue GR 3Y avg,—,1.02,2.64,2.24,1.21,-1.77,-1.38,-1.58,0.80,5.62,1.36
6012,Revenue GR 5Y avg,—,0.84,2.11,0.24,-0.61,-0.43,-0.61,1.96,1.46,3.12,4.81
6012,Revenue GR 10Y avg,—,0.11,2.04,0.85,1.24,2.16,—,—,—,—,—
6012,NP GR,—,-14.25,-8.96,0.78,8.47,4.47,-2.15,-12.12,-8.38,5.57,1.78
6012,NP GR 3Y avg,—,-4.49,-2.43,0.16,3.38,-4.47,-5.40,1.71,-5.96,-1.28,3.75
6012,NP GR 5Y avg,—,-4.95,-0.38,-2.95,1.02,-0.45,—,—,—,—,—
6012,NP GR 10Y avg,0.0,0.0,0.0,0.0,0.0,0.0,0.0,0.0,0.0,0.0,0.0
6012,EPS GR,-6.52,-8.76,-14.54,-20.66,6.71,15.81,1.18,-2.76,-4.89,-26.57,10.06
6012,EPS GR 3Y avg,—,-14.79,-10.22,-0.65,7.73,4.45,-2.19,-12.10,-8.39,-3.17,1.72
6012,EPS GR 5Y avg,—,-5.23,-3.25,-0.72,2.95,-4.47,-5.43,-3.44,-5.97,-1.29,3.72
6012,EPS GR 10Y avg,—,-5.33,-3.34,-3.38,0.81,-0.46,—,—,—,—,—
6012,OCF GR,—,7.69,1.48,-12.90,23.31,-23.89,-0.80,18.10,1.65,-7.84,-9.27
6012,FCF GR,—,11.70,4.74,2.24,50.97,-43.36,-23.60,7.52,9.81,-10.72,0.49
6012,D/E,1.11,1.35,1.12,1.04,1.06,1.86,2.10,1.72,1.11,0.97,0.55
6012,Price,4.5200,5.0500,5.3200,5.3500,6.0100,5.9800,6.8000,6.8500,7.2700,6.6500,5.4800
6017,Year End,TTM,2020-03,2019-03,2018-03,2017-03,2016-03,2015-03,2014-03,2013-03,2012-03,2011-03
6017,Revenue,90,138,171,181,203,232,231,205,182,78,190
6017,NP,24,42,62,69,82,80,103,58,35,19,27
6017,EPS,0.10,0.17,0.26,0.29,0.34,0.33,0.43,0.24,0.14,0.08,0.11
6017,DPS,0.12,0.15,0.16,0.20,0.19,0.25,0.19,0.19,0.08,0.07,0.07
6017,Div Payout,121.1,88.3,57.9,101.6,62.1,57.8,59.6,86.3,68.9,62.0,—
6017,Shares,242,242,242,242,242,242,242,242,242,242,242
6017,BVPS,3.37,3.29,3.30,3.12,3.03,2.87,2.52,2.41,2.33,2.27,—
6017,OCF,-29,90,-45,60,25,128,-52,139,47,4,97
6017,FCF,-29,90,-47,48,22,126,-53,137,46,4,96
6017,NP Margin,26.79,30.30,36.46,38.29,40.51,34.35,44.87,28.42,19.14,23.74,14.39
6017,ROE,2.98,5.12,7.83,8.97,11.24,11.32,16.05,9.95,6.15,3.35,5.06
6017,Revenue GR,-7.48,-19.34,-5.15,-11.13,-12.41,0.60,12.31,12.71,133.64,-59.01,—
6017,Revenue GR 3Y avg,—,-12.07,-9.62,-7.83,-0.35,8.39,43.54,2.58,-9.96,-33.46,—
6017,Revenue GR 5Y avg,—,-9.74,-3.56,-0.18,21.11,4.05,-1.57,-4.95,-0.95,-12.85,—
6017,Revenue GR 10Y avg,—,-5.74,-4.26,-0.56,2.74,2.47,—,—,—,—,—
6017,NP GR,—,-20.18,-7.80,-12.58,12.15,31.72,77.48,28.69,10.56,-5.46,—
6017,NP GR 3Y avg,—,-16.56,1.37,14.67,34.78,23.82,32.02,21.65,-10.55,2.04,—
6017,NP GR 5Y avg,—,4.96,11.05,1.28,17.27,12.02,—,—,—,—,—
6017,NP GR 10Y avg,0.0,0.0,0.0,0.0,0.0,0.0,0.0,0.0,0.0,0.0,0.0
6017,EPS GR,-22.05,-32.97,-9.70,-16.00,3.31,-23.00,77.38,67.29,88.48,-32.39,—
6017,EPS GR 3Y avg,—,-20.19,-7.81,-12.58,12.16,31.71,77.51,28.70,10.58,-5.45,—
6017,EPS GR 5Y avg,—,-16.56,1.37,14.67,34.79,23.83,32.03,21.66,-10.55,2.03,—
6017,EPS GR 10Y avg,—,4.96,11.05,1.28,17.27,12.02,—,—,—,—,—
6017,OCF GR,—,—,—,144.83,-80.74,—,—,195.33,—,-95.95,—
6017,FCF GR,—,—,—,119.17,-82.60,—,—,197.41,—,-96.35,—
6017,D/E,—,—,—,—,—,—,—,—,—,—,—
6017,Price,2.0100,2.0100,1.8800,2.4000,2.5200,2.8400,2.9300,3.1400,2.1500,1.3200,1.2900
6033,Year End,TTM,2020-12,2019-12,2018-12,2017-12,2016-12,2015-12,2014-12,2013-12,2012-12,2011-12
6033,Revenue,"5,536","5,592","5,458","5,498","4,810","4,561","4,456","4,392","3,892","3,577","2,765"
6033,NP,"2,158","2,010","1,935","1,810","1,793","1,739","1,987","1,843","2,079","1,405","1,081"
6033,EPS,1.09,1.02,0.97,0.91,0.91,0.88,1.00,0.93,1.05,0.71,0.55
6033,DPS,0.72,0.72,0.72,0.69,0.66,0.60,0.58,0.80,0.50,0.40,0.50
6033,Div Payout,66.0,71.5,80.5,67.0,72.6,70.3,58.2,71.2,49.9,56.3,68.8
6033,Shares,"1,979","1,979","1,979","1,979","1,979","1,979","1,979","1,979","1,979","1,979","1,979"
6033,BVPS,6.38,6.31,6.71,6.58,6.23,5.99,5.73,5.23,4.99,4.63,4.28
6033,OCF,"3,331","3,492","3,357","3,311","2,933",—,—,—,—,—,—
6033,FCF,"2,432","2,528","2,263","2,395","1,087",806,"1,676","1,323",603,-494,487
6033,NP Margin,38.98,35.94,35.46,32.93,37.27,38.13,44.60,41.97,53.41,39.29,39.09
6033,ROE,16.85,15.53,14.76,14.21,14.65,14.86,18.09,17.72,21.40,15.86,12.63
6033,Revenue GR,-4.02,2.45,-0.72,14.31,5.44,2.36,1.46,12.84,8.82,29.35,-27.55
6033,Revenue GR 3Y avg,—,5.15,6.17,7.26,3.08,5.43,7.60,16.67,3.66,3.86,-7.38
6033,Revenue GR 5Y avg,—,4.65,4.44,7.15,6.10,10.53,5.05,6.73,2.79,2.87,-1.58
6033,Revenue GR 10Y avg,—,4.84,5.55,5.00,4.51,4.45,4.73,—,—,—,—
6033,NP GR,—,3.88,3.63,-3.06,-0.92,-5.78,12.25,19.47,14.28,15.67,5.70
6033,NP GR 3Y avg,—,0.22,0.98,-2.73,4.99,9.98,7.02,15.19,18.48,5.43,-2.96
6033,NP GR 5Y avg,—,3.48,7.67,7.09,5.20,3.47,7.62,—,—,—,—
6033,NP GR 10Y avg,0.0,0.0,0.0,0.0,0.0,0.0,0.0,0.0,0.0,0.0,0.0
6033,EPS GR,40.32,3.89,6.89,0.99,3.07,-12.45,7.84,-11.42,48.03,30.04,-31.61
6033,EPS GR 3Y avg,—,3.89,3.62,-3.05,-0.90,-5.78,12.24,19.47,14.31,15.61,5.68
6033,EPS GR 5Y avg,—,0.24,0.99,-2.73,5.00,9.99,7.02,15.15,18.49,5.44,-2.97
6033,EPS GR 10Y avg,—,3.49,7.66,7.09,5.21,3.47,7.61,—,—,—,—
6033,OCF GR,—,4.01,1.39,12.89,6.23,-2.97,10.44,15.36,8.40,37.13,-40.88
6033,FCF GR,—,11.70,-5.50,120.31,34.79,-51.89,26.74,119.51,—,—,-80.35
6033,D/E,0.25,0.25,0.29,0.25,0.23,0.19,0.09,0.08,0.08,0.18,0.05
6033,Price,16.0000,17.1800,16.6200,19.2000,17.4800,21.3000,22.7000,22.1600,24.2800,19.5200,15.2000
6068,Year End,TTM,2020-03,2019-03,2018-03,2017-03,2016-03,2015-03,2014-03,2013-03,2012-03,2011-03
6068,Revenue,368,425,438,529,484,533,357,378,304,360,379
6068,NP,6,15,20,5,-9,-10,-17,5,-7,3,-4
6068,EPS,0.03,0.07,0.10,0.02,-0.09,-0.10,-0.17,0.05,-0.07,0.03,-0.04
6068,DPS,0.01,0.01,0.01,—,—,—,—,—,—,—,—
6068,Div Payout,33.2,—,25.4,—,—,—,—,—,—,—,—
6068,Shares,211,210,210,210,102,102,102,102,102,102,102
6068,BVPS,0.72,0.69,0.63,0.45,0.86,1.12,1.05,1.15,1.15,1.20,—
6068,OCF,34,28,30,22,-3,-2,2,21,19,14,5
6068,FCF,12,—,12,18,-7,-10,-8,16,1,2,-6
6068,NP Margin,1.72,3.56,4.67,0.86,-1.91,-1.92,-4.89,1.25,-2.28,0.88,-1.00
6068,ROE,4.24,10.29,15.42,4.27,-10.07,-10.13,-15.50,4.03,-5.92,2.69,-3.16
6068,Revenue GR,-34.41,-3.07,-17.11,9.21,-9.11,49.11,-5.42,24.19,-15.48,-5.01,—
6068,Revenue GR 3Y avg,—,-4.26,-6.29,13.96,8.63,20.54,-0.24,-0.10,-12.13,-15.43,—
6068,Revenue GR 5Y avg,—,3.53,3.02,11.70,6.12,7.06,-4.44,-8.69,-8.79,-2.90,—
6068,Revenue GR 10Y avg,—,-0.53,-3.01,0.94,1.51,1.73,—,—,—,—,—
6068,NP GR,—,—,—,—,—,—,—,—,—,—,—
6068,NP GR 3Y avg,—,—,34.18,—,—,—,—,—,—,-11.55,—
6068,NP GR 5Y avg,—,6.83,—,—,—,—,—,—,—,—,—
6068,NP GR 10Y avg,0.0,0.0,0.0,0.0,0.0,0.0,0.0,0.0,0.0,0.0,0.0
6068,EPS GR,-280.00,-26.26,343.18,—,—,—,—,—,—,—,—
6068,EPS GR 3Y avg,—,—,—,—,—,—,—,—,—,—,—
6068,EPS GR 5Y avg,—,—,16.21,—,—,—,—,—,—,-11.54,—
6068,EPS GR 10Y avg,—,-0.67,—,—,—,—,—,—,—,—,—
6068,OCF GR,—,-7.79,37.92,—,—,—,-88.18,10.63,32.23,176.05,—
6068,FCF GR,—,-97.71,-32.52,—,—,—,—,—,-28.82,—,—
6068,D/E,0.18,0.16,0.07,0.01,0.04,0.02,0.04,0.03,0.06,0.08,0.08
6068,Price,0.5500,0.5500,0.2200,0.4450,0.2400,0.4900,0.5400,0.5050,0.4850,0.4100,0.4800
6084,Year End,TTM,2020-12,2019-12,2018-12,2017-12,2016-12,2015-12,2014-12,2013-12,2012-12,2011-12
6084,Revenue,173,196,316,393,518,932,"1,019","1,014","1,025","1,080","1,068"
6084,NP,-30,-20,6,5,90,110,133,111,143,208,185
6084,EPS,-0.04,-0.03,0.01,0.01,0.12,0.15,0.18,0.15,0.19,0.28,0.25
6084,DPS,—,0.02,0.03,0.06,0.15,0.18,0.15,0.12,0.12,0.12,0.12
6084,Div Payout,—,—,—,—,39.5,110.7,105.4,66.0,45.3,42.5,59.9
6084,Shares,726,729,738,738,738,738,738,738,738,738,738
6084,BVPS,1.04,1.10,1.10,1.14,1.39,1.47,1.50,1.52,1.52,1.54,1.37
6084,OCF,-35,-11,100,-25,50,95,204,221,210,203,259
6084,FCF,-41,-20,87,-47,-21,-45,164,201,183,141,232
6084,NP Margin,-17.22,-10.04,1.80,1.33,17.44,11.79,13.05,10.99,13.93,19.27,17.48
6084,ROE,-3.83,-2.47,0.69,0.61,9.02,9.67,11.62,9.67,12.42,18.88,18.00
6084,Revenue GR,-35.20,-37.83,-19.54,-24.15,-44.46,-8.53,0.52,-1.13,-5.05,1.15,0.56
6084,Revenue GR 3Y avg,—,-27.61,-30.28,-27.23,-20.07,-3.13,-1.92,-1.71,-1.16,3.50,8.71
6084,Revenue GR 5Y avg,—,-28.06,-20.80,-17.47,-13.67,-2.68,-0.82,0.80,4.29,6.03,8.09
6084,Revenue GR 10Y avg,—,-15.53,-10.65,-7.22,-4.33,2.57,3.63,—,—,—,—
6084,NP GR,—,—,-62.76,-66.00,-6.77,-8.37,-13.87,-15.60,-9.09,11.62,10.14
6084,NP GR 3Y avg,—,—,-44.86,-48.40,-15.38,-9.92,-6.91,-5.73,0.59,4.26,2.84
6084,NP GR 5Y avg,—,—,-27.90,-27.95,-6.07,-3.75,-1.55,—,—,—,—
6084,NP GR 10Y avg,0.0,0.0,0.0,0.0,0.0,0.0,0.0,0.0,0.0,0.0,0.0
6084,EPS GR,261.11,—,8.45,-94.20,-17.80,-17.37,19.34,-22.00,-31.30,11.47,0.96
6084,EPS GR 3Y avg,—,—,-62.74,-65.97,-6.76,-8.38,-13.85,-15.78,-8.22,12.88,10.36
6084,EPS GR 5Y avg,—,—,-44.86,-48.37,-15.36,-10.05,-6.37,-5.07,0.58,4.24,3.00
6084,EPS GR 10Y avg,—,—,-27.65,-27.94,-6.07,-3.74,-2.09,—,—,—,—
6084,OCF GR,—,—,—,—,-47.07,-53.57,-7.60,5.37,3.42,-21.76,155.68
6084,FCF GR,—,—,—,—,—,—,-18.37,9.58,30.06,-39.25,215.90
6084,D/E,0.02,0.02,0.02,—,—,0.09,0.09,0.18,0.18,0.18,0.19
6084,Price,0.4150,0.3500,0.4850,0.6850,1.6500,2.2400,2.3400,2.3100,2.2300,2.5800,3.1500
