code,detail,TTM,Y1,Y2,Y3,Y4,Y5,Y6,Y7,Y8,Y9,Y10
5048,Year End,TTM,2020-12,2019-12,2018-12,2017-12,2016-12,2015-12,2014-12,2013-12,2012-12,2011-12
5048,Revenue,98,91,117,118,112,129,136,162,157,131,133
5048,NP,14,10,-6,-3,-3,5,9,13,13,11,11
5048,EPS,0.06,0.04,-0.02,-0.01,-0.01,0.02,0.04,0.05,0.05,0.04,0.04
5048,DPS,—,—,—,—,—,—,0.01,0.01,0.05,0.04,0.04
5048,Div Payout,—,—,—,—,—,—,32.6,77.5,90.0,102.1,92.3
5048,Shares,242,242,243,246,254,261,266,264,266,267,269
5048,BVPS,1.17,0.80,0.81,0.83,0.83,0.84,0.79,0.76,0.72,0.74,0.72
5048,OCF,9,4,8,-9,8,8,16,16,30,13,20
5048,FCF,4,-1,7,-10,5,6,12,9,26,7,7
5048,NP Margin,14.66,11.18,-4.95,-2.68,-2.38,3.83,6.96,8.18,8.03,8.15,7.98
5048,ROE,6.03,4.23,-2.91,-1.53,-1.26,2.32,4.54,6.59,6.43,5.43,5.37
5048,Revenue GR,31.35,-22.57,-0.43,5.53,-13.46,-5.35,-15.96,2.90,20.26,-1.34,0.68
5048,Revenue GR 3Y avg,—,-6.64,-3.12,-4.74,-11.70,-6.46,1.31,6.88,6.11,5.65,3.67
5048,Revenue GR 5Y avg,—,-7.79,-6.27,-5.65,-3.16,-0.58,0.65,7.85,5.74,3.06,—
5048,Revenue GR 10Y avg,—,-3.66,0.54,-0.12,-0.10,-0.29,—,—,—,—,—
5048,NP GR,—,—,—,—,—,-26.88,-3.86,7.73,-6.20,-3.32,-7.02
5048,NP GR 3Y avg,—,1.36,—,—,—,-14.15,-9.15,2.33,-0.83,-9.57,-15.00
5048,NP GR 5Y avg,—,-4.04,—,—,—,-14.58,—,—,—,—,—
5048,NP GR 10Y avg,0.0,0.0,0.0,0.0,0.0,0.0,0.0,0.0,0.0,0.0,0.0
5048,EPS GR,-134.72,—,—,—,—,-47.06,-28.83,5.65,18.98,1.34,-30.62
5048,EPS GR 3Y avg,—,—,—,—,—,-26.44,-3.64,8.41,-5.77,-2.98,-6.55
5048,EPS GR 5Y avg,—,3.27,—,—,—,-13.65,-8.85,2.80,-0.32,-9.09,-14.66
5048,EPS GR 10Y avg,—,-2.98,—,—,—,-14.16,—,—,—,—,—
5048,OCF GR,—,-48.75,—,—,1.65,-46.46,-0.67,-47.92,136.56,-36.28,5.68
5048,FCF GR,—,—,—,—,-24.90,-47.38,40.97,-66.11,260.20,3.33,-44.87
5048,D/E,0.01,0.01,—,—,—,—,—,—,—,—,—
5048,Price,0.6550,1.0500,0.5300,0.5600,0.7750,0.8100,0.8450,1.0200,0.9700,0.8500,0.8300
5062,Year End,TTM,2020-03,2019-03,2018-03,2017-03,2016-03,2015-03,2014-03,2013-03,2012-03,2011-03
5062,Revenue,140,280,273,231,385,576,584,510,409,306,189
5062,NP,-75,-73,-22,4,61,110,111,82,70,53,25
5062,EPS,-0.21,-0.21,-0.06,0.01,0.17,0.31,0.31,0.23,0.20,0.16,0.08
5062,DPS,—,—,—,0.02,0.02,0.10,0.09,0.08,0.10,0.05,0.01
5062,Div Payout,—,—,—,128.2,18.1,29.0,26.7,42.4,34.1,10.7,—
5062,Shares,—,352,352,352,352,352,352,352,345,326,320
5062,BVPS,1.40,1.61,1.69,1.68,1.68,1.52,1.28,1.03,0.93,0.79,—
5062,OCF,42,124,96,52,165,156,101,2,187,76,14
5062,FCF,42,122,96,42,164,155,99,-112,187,75,11
5062,NP Margin,-53.95,-26.16,-8.16,1.91,15.81,19.12,18.95,16.11,17.24,17.28,13.32
5062,ROE,-14.22,-13.92,-3.86,0.74,10.72,21.85,25.93,22.78,23.47,21.82,12.12
5062,Revenue GR,-53.26,2.60,18.13,-40.14,-33.07,-1.34,14.45,24.77,33.37,62.24,—
5062,Revenue GR 3Y avg,—,-10.14,-22.07,-26.61,-8.91,12.10,23.96,39.24,58.03,45.22,—
5062,Revenue GR 5Y avg,—,-13.68,-11.78,-10.81,4.69,24.97,41.32,38.50,46.81,36.99,—
5062,Revenue GR 10Y avg,—,10.44,10.54,14.43,19.76,18.94,—,—,—,—,—
5062,NP GR,—,—,—,-65.83,-9.49,16.03,27.81,48.39,82.64,82.33,—
5062,NP GR 3Y avg,—,—,—,-42.55,2.85,34.35,57.06,56.56,60.70,43.62,—
5062,NP GR 5Y avg,—,—,—,-3.91,21.54,19.81,—,—,—,—,—
5062,NP GR 10Y avg,0.0,0.0,0.0,0.0,0.0,0.0,0.0,0.0,0.0,0.0,0.0
5062,EPS GR,853.49,—,—,-92.78,-44.64,-0.45,34.58,13.43,24.35,110.50,—
5062,EPS GR 3Y avg,—,—,—,-65.86,-9.48,14.97,23.82,43.73,89.74,82.30,—
5062,EPS GR 5Y avg,—,—,—,-42.89,0.91,31.80,59.82,53.59,58.52,43.61,—
5062,EPS GR 10Y avg,—,—,—,-4.85,20.38,18.71,—,—,—,—,—
5062,OCF GR,—,29.16,86.11,-68.64,5.46,54.12,—,-99.02,145.78,435.33,—
5062,FCF GR,—,27.19,125.26,-74.14,5.74,56.98,—,—,149.91,573.63,—
5062,D/E,0.43,0.34,0.55,0.39,0.32,0.31,0.41,0.49,0.32,0.34,0.24
5062,Price,0.3450,0.3450,0.2050,0.3850,0.4950,1.1000,1.8800,2.0600,1.7800,1.8100,1.4500
5068,Year End,TTM,2020-12,2019-12,2018-12,2017-12,2016-12,2015-12,2014-12,2013-12,2012-12,2011-12
5068,Revenue,179,183,183,174,141,114,118,102,143,98,43
5068,NP,7,6,9,13,5,-25,-18,1,3,30,-6
5068,EPS,—,—,—,0.01,—,-0.01,-0.01,—,—,0.03,-0.03
5068,DPS,—,—,—,—,—,—,—,—,—,—,—
5068,Div Payout,—,—,—,—,—,—,—,—,—,—,—
5068,Shares,"2,893","2,305","1,997","2,009","1,980","1,732","1,580","2,225","2,103","1,172",245
5068,BVPS,0.10,0.07,0.08,0.08,0.08,0.09,0.09,0.09,0.10,0.10,—
5068,OCF,-12,-14,-10,1,-24,-8,-1,—,9,3,-1
5068,FCF,-30,-18,-11,-1,-27,-10,-3,-8,1,-1,-2
5068,NP Margin,3.73,3.25,5.06,7.21,3.50,-21.74,-15.33,0.60,2.15,30.72,-14.99
5068,ROE,2.84,2.56,5.24,7.77,3.53,-18.01,-12.01,0.42,2.50,74.62,—
5068,Revenue GR,-8.92,0.50,4.65,23.58,24.17,-3.35,15.79,-29.19,45.80,127.10,-1.81
5068,Revenue GR 3Y avg,—,9.13,17.10,14.04,11.59,-7.46,6.13,32.85,48.14,40.37,-33.99
5068,Revenue GR 5Y avg,—,9.30,12.44,3.99,7.48,21.28,21.66,23.35,-0.98,-11.13,-23.77
5068,Revenue GR 10Y avg,—,15.32,17.77,1.48,-2.27,-3.85,—,—,—,—,—
5068,NP GR,—,6.51,—,—,100.56,—,—,—,—,—,—
5068,NP GR 3Y avg,—,—,72.10,32.40,-30.40,—,—,—,—,—,—
5068,NP GR 5Y avg,—,—,—,—,—,—,—,—,—,—,—
5068,NP GR 10Y avg,0.0,0.0,0.0,0.0,0.0,0.0,0.0,0.0,0.0,0.0,0.0
5068,EPS GR,-12.50,-43.48,-26.98,152.00,—,—,—,-82.35,-80.90,—,—
5068,EPS GR 3Y avg,—,1.32,—,—,102.74,—,—,—,—,—,—
5068,EPS GR 5Y avg,—,—,72.63,29.95,-22.43,—,—,—,—,—,—
5068,EPS GR 10Y avg,—,—,—,—,—,—,—,—,—,—,—
5068,OCF GR,—,—,—,—,—,—,—,-98.86,176.50,—,—
5068,FCF GR,—,—,—,—,—,—,—,—,—,—,—
5068,D/E,0.01,0.01,0.01,0.01,0.01,0.01,0.01,0.01,0.02,0.14,—
5068,Price,0.1950,0.1750,0.0900,0.0750,0.1050,0.0500,0.0800,0.0850,0.0850,0.1000,0.0100
5069,Year End,TTM,2020-03,2017-12,2016-12,2015-12,2014-12,2013-12,2012-12,2011-12,2010-12,2009-12
5069,Revenue,"2,011","1,927","2,135","1,848","1,440","1,558","1,634","1,914","1,897","1,315",823
5069,NP,56,5,40,22,-6,33,37,89,107,61,30
5069,EPS,0.60,0.05,0.22,0.24,-0.07,0.35,0.41,1.04,1.25,0.71,0.35
5069,DPS,—,—,0.04,0.02,0.04,0.05,0.05,0.14,0.13,0.10,0.11
5069,Div Payout,—,16.4,—,—,—,—,—,—,—,—,—
5069,Shares,—,94,94,94,94,94,90,85,85,85,85
5069,BVPS,6.60,5.99,—,—,—,—,—,—,—,—,—
5069,OCF,175,73,-9,91,-30,171,-12,86,203,108,—
5069,FCF,103,-15,-55,49,-57,140,-43,30,95,74,—
5069,NP Margin,2.79,0.26,1.89,1.22,-0.44,2.14,2.27,4.63,5.62,4.61,3.66
5069,ROE,9.55,0.89,4.88,2.81,-0.80,4.24,5.13,13.90,19.24,12.60,6.79
5069,Revenue GR,-6.97,-4.45,15.54,28.26,-7.56,-4.67,-14.59,0.90,44.22,—,—
5069,Revenue GR 3Y avg,—,7.09,11.06,4.17,-9.04,-6.34,7.52,32.48,54.11,—,—
5069,Revenue GR 5Y avg,—,2.67,2.21,-0.52,1.84,13.62,25.83,65.95,69.84,—,—
5069,Revenue GR 10Y avg,—,12.38,30.24,29.98,—,—,—,—,—,—,—
5069,NP GR,—,—,6.68,-15.33,—,-32.15,-15.12,43.26,18.79,—,—
5069,NP GR 3Y avg,—,-27.31,-14.51,-26.74,—,2.03,-10.24,18.74,44.36,—,—
5069,NP GR 5Y avg,—,-20.16,0.75,2.84,—,—,—,—,—,—,—
5069,NP GR 10Y avg,0.0,0.0,0.0,0.0,0.0,0.0,0.0,0.0,0.0,0.0,0.0
5069,EPS GR,81.30,-60.34,79.68,—,—,-13.17,-60.58,-17.07,75.88,—,—
5069,EPS GR 3Y avg,—,—,6.69,-16.28,—,-34.28,-16.84,43.21,18.78,—,—
5069,EPS GR 5Y avg,—,-27.69,-16.10,-28.12,—,0.11,-11.34,18.71,44.35,—,—
5069,EPS GR 10Y avg,—,-20.83,-0.20,1.86,—,—,—,—,—,—,—
5069,OCF GR,—,—,—,—,—,—,—,-57.83,88.00,—,—
5069,FCF GR,—,—,—,—,—,—,—,-68.25,29.01,—,—
5069,D/E,0.17,0.20,0.09,0.11,0.17,0.18,0.18,0.25,0.25,0.32,0.23
5069,Price,8.2500,8.2500,5.0000,6.7200,7.5400,8.0900,8.3400,8.5000,9.2000,7.6500,8.9500
5070,Year End,TTM,2020-12,2019-12,2018-12,2017-12,2016-12,2015-12,2014-12,2013-12,2012-12,2011-12
5070,Revenue,"1,070",996,784,905,939,"1,110","1,305","1,062",970,794,696
5070,NP,-23,-25,6,-48,28,42,67,-46,48,37,32
5070,EPS,-0.05,-0.05,0.01,-0.10,0.06,0.09,0.14,-0.10,0.11,0.09,0.07
5070,DPS,—,—,0.01,0.05,0.05,0.03,0.05,0.08,0.05,0.05,0.06
5070,Div Payout,—,—,—,931.7,324.3,48.4,71.4,—,61.5,63.3,71.9
5070,Shares,509,482,485,495,495,493,482,486,449,433,433
5070,BVPS,0.63,0.68,0.69,0.73,0.82,0.82,0.74,0.73,0.85,0.82,0.81
5070,OCF,279,272,-35,-61,414,-171,-29,5,120,19,71
5070,FCF,244,230,-48,-69,402,-182,-54,-11,102,-3,56
5070,NP Margin,-2.12,-2.53,0.80,-5.32,2.99,3.82,5.12,-4.38,4.97,4.72,4.57
5070,ROE,-7.16,-7.95,1.89,-13.21,7.12,11.03,18.83,-12.87,12.98,10.52,8.94
5070,Revenue GR,54.55,27.11,-13.39,-3.66,-15.40,-14.93,22.93,9.47,22.15,14.07,-9.74
5070,Revenue GR 3Y avg,—,1.98,-10.96,-11.49,-4.00,4.61,18.02,15.11,7.94,5.33,3.42
5070,Revenue GR 5Y avg,—,-5.26,-5.89,-1.37,3.42,9.79,11.10,9.34,9.04,9.41,5.27
5070,Revenue GR 10Y avg,—,2.59,1.44,3.70,6.37,7.51,—,—,—,—,—
5070,NP GR,—,—,-47.11,—,—,-4.18,21.23,—,0.78,-4.63,3.37
5070,NP GR 3Y avg,—,—,—,—,-5.62,5.90,7.24,—,10.82,2.14,3.70
5070,NP GR 5Y avg,—,—,-17.55,—,-1.81,4.79,—,—,—,—,—
5070,NP GR 10Y avg,0.0,0.0,0.0,0.0,0.0,0.0,0.0,0.0,0.0,0.0,0.0
5070,EPS GR,-101.92,—,—,—,-34.06,-37.03,—,—,23.83,14.82,-31.25
5070,EPS GR 3Y avg,—,—,-46.88,—,—,-7.07,16.42,—,-0.76,-5.57,3.23
5070,EPS GR 5Y avg,—,—,—,—,-8.11,2.67,4.49,—,9.36,2.80,4.10
5070,EPS GR 10Y avg,—,—,-18.75,—,-2.81,3.38,—,—,—,—,—
5070,OCF GR,—,—,—,—,—,—,—,-96.18,517.93,-72.82,-11.83
5070,FCF GR,—,—,—,—,—,—,—,—,—,—,-16.36
5070,D/E,0.31,0.31,0.23,0.47,0.24,0.24,0.71,0.28,0.01,—,0.01
5070,Price,0.2600,0.3200,0.3950,0.2150,1.0500,1.1300,1.6100,1.4200,1.3800,0.9900,0.8900
5071,Year End,TTM,2020-06,2019-06,2018-06,2017-06,2016-06,2014-12,2013-12,2012-12,2011-12,2010-12
5071,Revenue,159,211,156,159,420,"2,006",877,763,764,719,675
5071,NP,-158,-105,14,-583,49,166,189,151,119,191,201
5071,EPS,-0.30,-0.20,0.03,-1.11,0.09,0.31,0.35,0.31,0.24,0.39,0.42
5071,DPS,—,—,—,0.01,0.02,0.04,0.07,0.06,0.07,0.08,0.01
5071,Div Payout,—,—,—,74.6,11.0,19.1,—,—,—,—,—
5071,Shares,525,528,527,527,529,535,537,483,483,483,483
5071,BVPS,2.08,2.41,2.26,3.20,3.47,3.04,—,—,—,—,—
5071,OCF,123,23,172,49,33,206,9,117,90,59,132
5071,FCF,-12,22,145,47,33,-394,-112,105,89,57,120
5071,NP Margin,-99.10,-49.77,9.22,-367.48,11.63,8.29,21.51,19.82,15.55,26.51,29.74
5071,ROE,-13.40,-9.29,1.23,-39.15,2.80,10.20,15.50,16.40,14.80,27.77,37.85
5071,Revenue GR,-29.27,35.02,-1.48,-62.25,-79.04,73.66,15.04,-0.24,6.29,6.53,—
5071,Revenue GR 3Y avg,—,-20.52,-57.29,-38.66,-15.65,31.75,6.85,4.15,17.93,27.37,—
5071,Revenue GR 5Y avg,—,-22.81,-25.04,-24.87,-9.30,21.89,13.48,16.98,21.24,35.18,—
5071,Revenue GR 10Y avg,—,-7.26,-7.34,-5.63,9.68,—,—,—,—,—,—
5071,NP GR,—,—,-55.74,—,-27.58,10.06,-0.34,-9.03,-9.90,25.36,—
5071,NP GR 3Y avg,—,—,-34.78,—,-21.92,-3.38,3.03,9.33,11.39,40.99,—
5071,NP GR 5Y avg,—,—,-16.58,—,3.45,—,—,—,—,—,—
5071,NP GR 10Y avg,0.0,0.0,0.0,0.0,0.0,0.0,0.0,0.0,0.0,0.0,0.0
5071,EPS GR,-46.61,—,—,—,-70.25,-7.85,12.21,27.20,-37.64,-5.05,—
5071,EPS GR 3Y avg,—,—,-55.54,—,-29.44,6.89,-3.81,-9.02,-10.03,25.06,—
5071,EPS GR 5Y avg,—,—,-35.83,—,-23.19,-5.15,0.78,9.18,11.20,38.83,—
5071,EPS GR 10Y avg,—,—,-17.34,—,1.81,—,—,—,—,—,—
5071,OCF GR,—,-86.86,253.46,46.77,-83.89,711.17,-92.37,30.14,51.82,-54.94,—
5071,FCF GR,—,-84.85,206.68,43.49,—,—,—,17.76,56.63,-52.70,—
5071,D/E,0.06,0.03,0.20,0.25,0.20,0.22,—,—,—,0.01,0.02
5071,Price,0.7900,0.6600,0.9250,0.9500,1.3200,1.5500,2.7400,3.4300,2.0000,1.9300,1.6400
5077,Year End,TTM,2020-12,2019-12,2018-12,2017-12,2016-12,2015-12,2014-12,2013-12,2012-12,2011-12
5077,Revenue,170,176,258,239,273,226,242,256,247,262,364
5077,NP,-53,-21,-7,264,-135,-491,"-1,177",12,45,66,93
5077,EPS,-0.05,-0.02,-0.01,0.26,-0.14,-0.49,-1.18,0.01,0.04,0.07,0.10
5077,DPS,—,—,—,—,—,—,0.01,0.03,0.03,0.03,0.10
5077,Div Payout,—,—,—,—,—,—,—,62.8,62.8,45.5,62.9
5077,Shares,"1,000","1,000","1,000","1,000","1,000","1,000","1,000","1,000","1,000","1,000","1,000"
5077,BVPS,0.30,0.33,0.38,0.39,0.61,1.02,2.30,1.81,1.83,1.72,1.69
5077,OCF,102,88,110,29,27,-20,-43,-15,27,-3,66
5077,FCF,101,87,-82,-112,25,-103,-182,-255,2,-4,62
5077,NP Margin,-31.37,-11.81,-2.84,110.40,-49.51,-217.87,-487.43,4.75,18.05,25.18,25.09
5077,ROE,-16.19,-6.61,-1.96,57.43,-21.86,-52.03,-75.17,0.64,2.49,3.82,5.33
5077,Revenue GR,-10.82,-31.79,7.96,-12.33,20.88,-6.62,-5.56,3.64,-5.92,-27.94,-9.97
5077,Revenue GR 3Y avg,—,-13.57,4.59,-0.35,2.15,-2.96,-2.71,-11.10,-15.17,-4.77,-20.38
5077,Revenue GR 5Y avg,—,-6.13,0.18,-0.64,0.77,-9.13,-9.79,-3.38,-19.31,-15.48,-3.79
5077,Revenue GR 10Y avg,—,-7.98,-1.62,-10.46,-7.71,-6.50,-4.82,-3.94,—,—,—
5077,NP GR,—,—,—,—,—,—,—,-49.32,-43.17,-35.64,-43.64
5077,NP GR 3Y avg,—,—,—,42.74,—,—,—,-45.28,-38.87,-35.19,-21.45
5077,NP GR 5Y avg,—,—,—,-6.59,—,—,—,-27.03,—,—,—
5077,NP GR 10Y avg,0.0,0.0,0.0,0.0,0.0,0.0,0.0,0.0,0.0,0.0,0.0
5077,EPS GR,-68.55,—,—,—,—,—,—,-72.60,-32.53,-27.71,-61.70
5077,EPS GR 3Y avg,—,—,—,—,—,—,—,-48.88,-42.84,-35.31,-41.71
5077,EPS GR 5Y avg,—,—,—,42.73,—,—,—,-45.06,-37.34,-34.43,-24.64
5077,EPS GR 10Y avg,—,—,—,-5.43,—,—,—,-28.36,—,—,—
5077,OCF GR,—,-20.27,276.60,6.68,—,—,—,—,—,—,-70.31
5077,FCF GR,—,—,—,—,—,—,—,—,—,—,-53.62
5077,D/E,0.58,0.74,1.24,0.62,0.69,0.62,0.32,0.18,0.02,0.02,0.06
5077,Price,0.5200,0.5400,0.5500,0.5600,0.8150,0.7050,0.8050,1.2100,1.7700,1.3300,1.5400
5078,Year End,TTM,2020-04,2017-12,2016-12,2014-07,2013-07,2012-07,2011-07,2010-07,2008-06,2007-06
5078,Revenue,37,54,152,303,277,383,341,248,224,33,29
5078,NP,1,-50,152,-74,-10,4,10,-11,10,178,-83
5078,EPS,—,-0.07,0.21,-0.11,-0.02,-0.04,—,-0.03,0.02,0.98,-0.46
5078,DPS,—,—,0.05,—,—,—,—,—,—,—,—
5078,Div Payout,—,—,—,—,—,—,—,—,—,—,—
5078,Shares,—,724,709,702,462,660,636,629,557,180,180
5078,BVPS,0.21,0.09,—,—,—,—,—,—,—,—,—
5078,OCF,—,—,—,—,—,—,—,—,—,—,—
5078,FCF,16,25,30,120,88,-73,54,-161,-106,—,—
5078,NP Margin,3.54,-92.24,100.23,-24.39,-3.76,1.15,2.95,-4.54,4.48,537.46,-286.27
5078,ROE,1.22,-74.51,108.95,-49.42,-6.46,3.33,7.88,-8.46,8.34,344.26,—
5078,Revenue GR,-22.73,-35.96,-49.88,3.85,-27.77,12.40,37.68,10.62,—,—,—
5078,Revenue GR 3Y avg,—,-24.78,-18.87,-2.61,3.78,19.62,—,69.07,—,—,—
5078,Revenue GR 5Y avg,—,-21.19,-7.31,4.84,—,52.83,43.61,—,—,—,—
5078,Revenue GR 10Y avg,—,2.62,—,—,—,—,—,—,—,—,—
5078,NP GR,—,—,122.79,—,—,-23.95,—,—,—,—,—
5078,NP GR 3Y avg,—,—,—,—,—,—,—,—,—,—,—
5078,NP GR 5Y avg,—,—,—,—,—,—,—,—,—,—,—
5078,NP GR 10Y avg,0.0,0.0,0.0,0.0,0.0,0.0,0.0,0.0,0.0,0.0,0.0
5078,EPS GR,98.03,—,—,—,—,-49.37,—,—,—,—,—
5078,EPS GR 3Y avg,—,—,110.45,—,—,-26.32,—,—,—,—,—
5078,EPS GR 5Y avg,—,—,—,—,—,—,—,—,—,—,—
5078,EPS GR 10Y avg,—,—,—,—,—,—,—,—,—,—,—
5078,OCF GR,—,25.17,-80.86,-1.67,-5.69,55.09,19.05,9.21,—,—,—
5078,FCF GR,—,-7.92,-74.82,13.39,—,—,—,—,—,—,—
5078,D/E,4.67,0.48,4.94,11.38,4.42,10.97,10.79,10.63,8.53,5.49,—
5078,Price,0.1150,0.0600,0.0850,0.1050,0.1900,0.3400,0.3850,1.2000,0.3750,0.3800,0.2900
5079,Year End,TTM,2020-06,2019-06,2016-12,2015-12,2014-12,2013-12,2012-12,2011-12,2010-12,2009-12
5079,Revenue,8,22,33,39,32,50,36,36,44,48,56
5079,NP,-18,-19,-10,-3,-12,-1,2,-8,-1,-10,5
5079,EPS,-0.13,-0.15,-0.08,-0.03,-0.09,-0.01,0.02,-0.07,—,-0.08,0.04
5079,DPS,—,—,—,—,—,—,—,—,—,—,—
5079,Div Payout,—,—,—,—,—,—,—,—,—,—,—
5079,Shares,245,126,126,126,126,126,126,126,126,126,126
5079,BVPS,0.37,0.25,0.32,—,—,—,—,—,—,—,—
5079,OCF,-54,4,-11,1,-5,3,11,5,1,7,—
5079,FCF,-100,-2,-12,—,-10,-1,-3,—,—,2,—
5079,NP Margin,-234.90,-85.55,-31.09,-8.09,-36.61,-1.61,5.93,-22.64,-1.17,-20.54,8.19
5079,ROE,-26.51,-67.22,-25.86,-6.27,-23.45,-1.44,3.81,-13.95,-0.82,-14.46,6.49
5079,Revenue GR,-37.79,-33.60,-6.71,22.35,-36.10,40.38,-1.24,-18.13,-8.02,—,—
5079,Revenue GR 3Y avg,—,-8.12,-8.90,3.15,-3.96,4.31,-9.40,-13.64,-3.69,—,—
5079,Revenue GR 5Y avg,—,-7.25,-1.42,-2.36,-7.78,-2.24,-6.30,-11.12,-5.12,—,—
5079,Revenue GR 10Y avg,—,-6.84,-5.76,-3.75,—,—,—,—,—,—,—
5079,NP GR,—,—,—,—,—,—,—,—,—,—,—
5079,NP GR 3Y avg,—,—,—,—,—,—,—,—,—,—,—
5079,NP GR 5Y avg,—,—,—,—,—,—,—,—,—,—,—
5079,NP GR 10Y avg,0.0,0.0,0.0,0.0,0.0,0.0,0.0,0.0,0.0,0.0,0.0
5079,EPS GR,-166.67,—,—,—,—,—,—,—,—,—,—
5079,EPS GR 3Y avg,—,—,—,—,—,—,—,—,—,—,—
5079,EPS GR 5Y avg,—,—,—,—,—,—,—,—,—,—,—
5079,EPS GR 10Y avg,—,—,—,—,—,—,—,—,—,—,—
5079,OCF GR,—,—,—,—,—,-74.87,133.32,683.50,-92.12,—,—
5079,FCF GR,—,—,—,—,—,—,—,—,—,—,—
5079,D/E,—,0.45,—,0.10,0.17,0.03,0.01,0.03,0.05,0.08,0.11
5079,Price,2.0400,0.1050,0.1900,0.1600,0.2200,0.1900,0.3550,0.2600,0.2750,0.2100,0.2300
5082,Year End,TTM,2020-12,2019-12,2018-12,2017-12,2016-12,2015-12,2014-12,2013-12,2012-12,2011-12
5082,Revenue,73,42,46,88,93,116,132,117,115,120,118
5082,NP,14,4,-11,-4,-7,-7,-2,-16,-6,-19,-14
5082,EPS,0.19,0.05,-0.15,-0.06,-0.10,-0.10,-0.03,-0.21,-0.09,-0.26,-0.19
5082,DPS,—,—,—,—,—,—,—,—,—,—,—
5082,Div Payout,—,—,—,—,—,—,—,—,—,—,—
5082,Shares,75,73,73,73,73,74,74,74,75,75,75
5082,BVPS,0.82,0.57,0.80,0.81,0.88,0.99,1.07,1.22,1.28,1.62,1.81
5082,OCF,2,3,-11,-4,5,1,5,-3,3,-6,4
5082,FCF,1,1,-12,-5,3,-5,3,-8,1,-8,-2
5082,NP Margin,19.50,9.34,-23.99,-4.87,-8.02,-6.47,-1.57,-13.40,-5.58,-16.06,-11.93
5082,ROE,26.89,8.05,-21.07,-7.10,-11.26,-10.12,-2.63,-17.84,-5.92,-15.87,-10.96
5082,Revenue GR,203.23,-8.55,-47.43,-5.43,-19.45,-12.22,12.78,1.27,-4.21,1.72,-4.34
5082,Revenue GR 3Y avg,—,-23.11,-26.29,-12.55,-7.27,0.09,3.04,-0.45,-2.32,-1.04,-3.27
5082,Revenue GR 5Y avg,—,-20.30,-16.89,-5.25,-5.01,-0.47,1.26,-1.23,-2.48,-7.64,-14.96
5082,Revenue GR 10Y avg,—,-10.17,-9.40,-3.87,-6.33,-8.00,—,—,—,—,—
5082,NP GR,—,—,—,—,—,—,—,—,—,—,—
5082,NP GR 3Y avg,—,—,—,—,—,—,—,—,—,—,—
5082,NP GR 5Y avg,—,—,—,—,—,—,—,—,—,—,—
5082,NP GR 10Y avg,0.0,0.0,0.0,0.0,0.0,0.0,0.0,0.0,0.0,0.0,0.0
5082,EPS GR,-432.19,—,—,—,—,—,—,—,—,—,—
5082,EPS GR 3Y avg,—,—,—,—,—,—,—,—,—,—,—
5082,EPS GR 5Y avg,—,—,—,—,—,—,—,—,—,—,—
5082,EPS GR 10Y avg,—,—,—,—,—,—,—,—,—,—,—
5082,OCF GR,—,—,—,—,573.09,-84.71,—,—,—,—,-73.36
5082,FCF GR,—,—,—,—,—,—,—,—,—,—,—
5082,D/E,0.02,0.02,0.03,0.03,0.03,0.03,0.02,0.02,0.02,0.02,0.02
5082,Price,1.1000,1.2900,0.2550,0.3500,0.3150,0.3150,0.3600,0.3300,0.3500,0.3200,0.4600
5085,Year End,TTM,2020-12,2019-12,2018-12,2017-12,2016-12,2015-12,2014-12,2013-12,2012-12,2011-12
5085,Revenue,335,348,394,760,545,759,544,"1,051","1,536","1,656","1,347"
5085,NP,-45,-48,-88,-394,-124,-384,-1,-70,151,237,231
5085,EPS,-0.07,-0.08,-0.14,-0.67,-0.22,-0.71,—,-0.13,0.27,0.43,0.42
5085,DPS,—,—,—,—,—,—,—,0.09,0.09,0.09,0.07
5085,Div Payout,—,—,—,—,—,—,—,132.3,25.4,21.1,8.8
5085,Shares,618,610,590,590,552,540,540,540,560,555,547
5085,BVPS,0.17,0.23,0.24,0.85,1.15,1.80,2.02,2.23,2.24,2.05,1.33
5085,OCF,31,74,27,34,167,1,-135,-204,-41,513,115
5085,FCF,28,71,15,-212,153,-2,-137,-245,-124,492,79
5085,NP Margin,-13.29,-13.78,-22.33,-51.80,-22.72,-50.55,-0.26,-6.68,9.84,14.32,17.15
5085,ROE,-35.12,-36.76,-48.46,-89.40,-17.80,-41.87,-0.13,-6.08,13.01,23.02,27.68
5085,Revenue GR,-14.14,-11.70,-48.19,39.36,-28.16,39.67,-48.28,-31.58,-7.24,22.91,54.76
5085,Revenue GR 3Y avg,—,-13.93,-19.65,11.83,-19.64,-20.93,-31.02,-7.95,20.84,32.00,47.20
5085,Revenue GR 5Y avg,—,-8.55,-17.82,-13.12,-19.92,-10.84,-8.99,7.86,29.46,43.30,36.34
5085,Revenue GR 10Y avg,—,-8.77,-5.86,6.05,7.13,10.26,6.37,—,—,—,—
5085,NP GR,—,—,—,—,—,—,—,—,-11.15,25.77,72.36
5085,NP GR 3Y avg,—,—,—,—,—,—,—,—,27.36,51.06,70.03
5085,NP GR 5Y avg,—,—,—,—,—,—,—,—,—,—,—
5085,NP GR 10Y avg,0.0,0.0,0.0,0.0,0.0,0.0,0.0,0.0,0.0,0.0,0.0
5085,EPS GR,-55.14,—,—,—,—,—,—,—,-36.80,1.09,10.48
5085,EPS GR 3Y avg,—,—,—,—,—,—,—,—,-10.96,21.19,66.99
5085,EPS GR 5Y avg,—,—,—,—,—,—,—,—,24.37,22.09,36.02
5085,EPS GR 10Y avg,—,—,—,—,—,—,—,—,—,—,—
5085,OCF GR,—,172.25,-19.83,-79.80,—,—,—,—,—,347.00,-41.39
5085,FCF GR,—,382.76,—,—,—,—,—,—,—,526.02,-57.78
5085,D/E,2.46,4.30,3.47,1.98,0.60,0.58,0.36,0.37,0.01,—,—
5085,Price,0.2450,0.3250,0.3850,0.2900,0.9300,0.9100,1.1800,1.4500,2.9000,2.6200,2.1900
5087,Year End,TTM,2020-06,2019-06,2018-06,2017-06,2016-06,2015-06,2014-06,2013-06,2012-06,2011-06
5087,Revenue,675,596,694,793,726,567,518,448,513,443,414
5087,NP,33,-11,-12,16,35,24,12,-9,7,-12,1
5087,EPS,0.09,-0.03,-0.04,0.06,0.12,0.09,0.06,-0.05,0.04,-0.09,—
5087,DPS,—,—,—,—,—,—,—,—,—,—,0.04
5087,Div Payout,—,—,—,—,—,—,—,—,—,—,—
5087,Shares,—,327,306,284,283,283,204,178,178,178,178
5087,BVPS,1.29,1.19,1.22,1.37,1.28,1.14,0.88,1.49,1.45,1.46,—
5087,OCF,122,54,8,-9,46,81,12,33,38,-28,75
5087,FCF,107,23,-6,-16,42,77,3,24,34,-33,72
5087,NP Margin,4.92,-1.77,-1.73,2.03,4.78,4.27,2.25,-2.06,1.36,-2.80,0.12
5087,ROE,8.17,-2.70,-3.04,4.21,9.79,7.54,4.14,-3.54,2.70,-4.79,0.20
5087,Revenue GR,57.97,-14.17,-12.46,9.25,28.12,9.35,15.71,-12.74,15.80,6.98,—
5087,Revenue GR 3Y avg,—,-6.37,7.01,15.24,17.47,3.36,5.35,2.63,3.32,4.97,—
5087,Revenue GR 5Y avg,—,2.84,9.17,9.10,10.38,6.47,2.18,3.17,4.80,-1.67,—
5087,Revenue GR 10Y avg,—,2.51,6.12,6.93,4.18,—,—,—,—,—,—
5087,NP GR,—,—,—,11.28,—,51.18,—,—,-35.01,—,—
5087,NP GR 3Y avg,—,—,—,18.14,—,116.20,-14.45,—,-25.39,—,—
5087,NP GR 5Y avg,—,—,—,-6.11,4.78,—,—,—,—,—,—
5087,NP GR 10Y avg,0.0,0.0,0.0,0.0,0.0,0.0,0.0,0.0,0.0,0.0,0.0
5087,EPS GR,-603.74,—,—,-53.67,43.22,49.65,—,—,—,—,—
5087,EPS GR 3Y avg,—,—,—,-0.23,—,29.63,—,—,-35.02,—,—
5087,EPS GR 5Y avg,—,—,—,7.64,—,97.12,-16.77,—,-25.31,—,—
5087,EPS GR 10Y avg,—,—,—,-10.33,0.08,—,—,—,—,—,—
5087,OCF GR,—,606.75,—,—,-42.51,597.26,-65.02,-13.36,—,—,—
5087,FCF GR,—,—,—,—,-45.16,—,-88.39,-29.09,—,—,—
5087,D/E,0.08,0.10,0.05,—,0.01,0.02,0.04,0.01,0.01,0.04,0.06
5087,Price,0.6200,0.2850,0.3000,0.3850,0.8200,0.4750,0.2850,0.3800,0.2750,0.3100,0.5800
5098,Year End,TTM,2020-12,2019-12,2018-12,2017-12,2016-12,2015-12,2014-12,2013-12,2012-12,2011-12
5098,Revenue,"1,426","1,384","1,195","1,497","1,463","1,207","1,144","1,456","1,375","1,312","1,253"
5098,NP,-2,-15,-8,7,75,21,-50,16,27,24,24
5098,EPS,—,-0.03,-0.02,0.02,0.25,0.07,-0.13,0.04,0.07,0.06,0.06
5098,DPS,—,—,—,—,0.01,—,—,0.01,0.01,0.01,0.01
5098,Div Payout,—,—,—,17.6,3.3,—,—,16.9,18.3,20.1,8.8
5098,Shares,452,450,426,425,301,322,388,408,391,391,412
5098,BVPS,1.61,1.58,1.66,1.60,1.50,1.40,1.36,1.51,1.55,1.51,1.42
5098,OCF,100,92,-41,45,-11,70,18,27,45,28,22
5098,FCF,23,25,-92,-15,-23,38,-70,-49,1,17,-33
5098,NP Margin,-0.15,-1.06,-0.70,0.45,5.16,1.78,-4.41,1.09,1.96,1.86,1.94
5098,ROE,-0.30,-2.03,-1.20,1.03,12.59,3.97,-9.11,2.80,5.01,4.75,4.98
5098,Revenue GR,10.59,15.75,-20.15,2.30,21.26,5.51,-21.46,5.88,4.82,4.69,24.74
5098,Revenue GR 3Y avg,—,-1.85,-0.32,9.38,0.16,-4.27,-4.48,5.13,11.03,24.06,12.46
5098,Revenue GR 5Y avg,—,3.88,-3.87,1.71,2.20,-0.76,2.62,16.20,9.31,19.08,28.18
5098,Revenue GR 10Y avg,—,3.25,5.69,5.44,10.32,12.79,—,—,—,—,—
5098,NP GR,—,—,—,—,68.30,-7.43,—,-13.38,-1.30,—,-32.53
5098,NP GR 3Y avg,—,—,—,-24.32,25.39,-2.52,—,—,-19.38,-11.30,-4.09
5098,NP GR 5Y avg,—,—,—,-21.89,5.46,-3.31,—,—,—,—,—
5098,NP GR 10Y avg,0.0,0.0,0.0,0.0,0.0,0.0,0.0,0.0,0.0,0.0,0.0
5098,EPS GR,-296.84,—,—,-91.61,238.62,—,—,-43.69,10.65,5.11,-16.50
5098,EPS GR 3Y avg,—,—,—,—,69.21,-6.95,—,-13.16,-0.97,—,-38.52
5098,EPS GR 5Y avg,—,—,—,-25.53,24.73,-1.29,—,—,-23.02,-20.11,-15.95
5098,EPS GR 10Y avg,—,—,—,-24.29,-0.18,-8.91,—,—,—,—,—
5098,OCF GR,—,—,—,—,—,293.43,-35.08,-38.79,57.65,31.40,-35.72
5098,FCF GR,—,—,—,—,—,—,—,—,-92.55,—,—
5098,D/E,0.13,0.14,0.20,0.22,0.05,0.10,0.08,0.06,0.05,0.07,0.11
5098,Price,0.5600,0.6750,0.4400,0.3850,1.7100,0.8300,0.3900,0.9300,1.0200,0.8400,1.1600
5099,Year End,TTM,2020-12,2019-12,2018-12,2017-12,2016-12,2015-12,2014-12,2013-12,2012-12,2011-12
5099,Revenue,"1,071","3,131","11,860","10,638","9,710","6,846","6,298","5,416","5,112","4,946","4,495"
5099,NP,"-5,075","-5,112",-316,"1,967","1,629","2,050",541,83,362,"1,831",555
5099,EPS,-1.50,-1.53,-0.09,0.58,0.49,0.58,0.19,0.03,0.13,0.28,0.20
5099,DPS,—,—,0.12,0.12,0.24,0.04,0.03,0.04,0.06,0.05,0.01
5099,Div Payout,—,—,—,14.3,43.6,5.2,—,16.5,10.8,7.6,—
5099,Shares,"3,396","3,342","3,342","3,342","3,304","2,783","2,783","2,782","2,783","2,782","2,781"
5099,BVPS,-0.41,0.35,1.38,3.05,2.53,2.15,1.37,1.86,1.74,2.12,1.31
5099,OCF,"-2,317","-2,168","2,081",353,"1,914","2,167","2,204",302,961,"1,355","1,404"
5099,FCF,"-2,340","-2,269","1,736",-819,-62,951,"1,590","-1,783","-1,308",-546,685
5099,NP Margin,-473.89,-163.25,-2.66,18.49,16.77,29.94,8.59,1.53,7.08,37.03,12.35
5099,ROE,-750.40,-311.30,-5.14,24.85,22.19,36.99,12.02,1.73,6.64,36.85,14.47
5099,Revenue GR,-86.03,-73.60,11.49,9.56,41.83,8.71,16.28,5.95,3.35,10.03,13.86
5099,Revenue GR 3Y avg,—,-31.42,20.10,19.10,21.48,10.23,8.39,6.41,8.99,16.44,19.49
5099,Revenue GR 5Y avg,—,-13.04,16.97,15.79,14.44,8.78,9.79,11.57,14.17,—,—
5099,Revenue GR 10Y avg,—,-2.29,14.24,14.98,—,—,—,—,—,—,—
5099,NP GR,—,—,—,53.75,169.91,78.23,-33.39,-46.97,-30.12,53.51,—
5099,NP GR 3Y avg,—,—,—,40.28,-2.32,29.85,-12.60,-30.37,—,—,—
5099,NP GR 5Y avg,—,—,—,—,—,—,—,—,—,—,—
5099,NP GR 10Y avg,0.0,0.0,0.0,0.0,0.0,0.0,0.0,0.0,0.0,0.0,0.0
5099,EPS GR,-10.37,—,—,19.47,-33.11,279.90,546.67,-76.92,-80.24,229.00,-47.78
5099,EPS GR 3Y avg,—,—,—,44.80,154.24,78.31,-33.44,-46.87,-30.24,47.27,—
5099,EPS GR 5Y avg,—,—,—,35.28,-5.61,29.80,-12.72,-31.98,—,—,—
5099,EPS GR 10Y avg,—,—,—,—,—,—,—,—,—,—,—
5099,OCF GR,—,—,489.42,-81.56,-11.66,-1.67,629.71,-68.58,-29.07,-3.49,-13.29
5099,FCF GR,—,—,—,—,—,-40.22,—,—,—,—,—
5099,D/E,—,—,2.28,0.10,0.93,1.30,2.30,2.29,1.81,1.23,1.78
5099,Price,0.9800,0.8850,1.7000,2.9700,3.3500,2.2900,1.2900,2.7200,2.2000,2.7400,3.7700
5101,Year End,TTM,2020-12,2019-12,2018-12,2017-12,2016-12,2015-12,2014-12,2013-12,2012-12,2011-12
5101,Revenue,866,860,968,"1,106","1,024",998,"1,012",942,939,"1,032","1,062"
5101,NP,-81,-103,-42,16,45,72,91,—,-43,32,64
5101,EPS,-0.10,-0.12,-0.05,0.02,0.05,0.09,0.12,—,-0.06,0.04,0.08
5101,DPS,—,—,—,0.01,0.02,0.01,—,—,—,0.02,0.01
5101,Div Payout,—,—,—,31.3,34.1,11.1,—,—,—,39.8,38.2
5101,Shares,846,846,846,846,846,827,776,770,770,770,770
5101,BVPS,1.22,1.30,1.36,1.38,1.35,1.28,1.09,1.01,1.03,1.07,0.98
5101,OCF,75,65,34,45,114,224,124,96,46,-35,132
5101,FCF,42,27,-31,-19,-32,23,34,65,6,-69,60
5101,NP Margin,-9.36,-11.95,-4.33,1.48,4.39,7.18,8.98,0.02,-4.56,3.12,5.99
5101,ROE,-7.56,-9.53,-3.66,1.43,3.97,6.63,9.88,0.02,-5.31,3.91,8.06
5101,Revenue GR,2.55,-11.17,-12.45,7.95,2.64,-1.41,7.43,0.35,-9.01,-2.83,11.61
5101,Revenue GR 3Y avg,—,-5.66,-1.01,2.99,2.83,2.06,-0.64,-3.91,-0.44,10.17,13.27
5101,Revenue GR 5Y avg,—,-3.21,0.54,3.33,-0.15,-1.23,1.25,4.07,5.14,7.12,14.99
5101,Revenue GR 10Y avg,—,-1.01,2.29,4.23,3.42,6.57,—,—,—,—,—
5101,NP GR,—,—,—,-43.55,541.75,—,41.38,-86.12,—,-27.65,-6.06
5101,NP GR 3Y avg,—,—,—,—,6.93,2.42,-3.24,-71.14,—,-22.97,1.27
5101,NP GR 5Y avg,—,—,—,-14.32,-9.25,1.84,—,—,—,—,—
5101,NP GR 10Y avg,0.0,0.0,0.0,0.0,0.0,0.0,0.0,0.0,0.0,0.0,0.0
5101,EPS GR,-179.17,—,—,-63.65,-38.68,-26.07,—,—,—,-49.43,-40.65
5101,EPS GR 3Y avg,—,—,—,-45.18,542.72,—,40.98,-86.57,—,-27.66,-7.54
5101,EPS GR 5Y avg,—,—,—,—,4.90,0.94,-3.40,-71.71,—,-23.99,-0.07
5101,EPS GR 10Y avg,—,—,—,-15.55,-10.71,0.43,—,—,—,—,—
5101,OCF GR,—,91.52,-24.57,-60.37,-49.12,81.15,29.20,107.37,—,—,37.64
5101,FCF GR,—,—,—,—,—,-33.29,-48.03,901.92,—,—,-15.36
5101,D/E,0.06,0.06,0.07,0.07,0.11,0.09,0.04,0.06,0.09,0.17,0.24
5101,Price,0.4000,0.4600,0.2750,0.3500,0.6500,0.9600,2.3600,0.6050,0.4600,0.5800,0.9300
5104,Year End,TTM,2020-12,2019-12,2018-12,2017-12,2016-12,2015-12,2014-12,2013-12,2012-12,2011-12
5104,Revenue,69,67,67,86,85,88,93,92,112,116,127
5104,NP,2,1,-5,1,-2,-5,-6,-7,-1,1,2
5104,EPS,—,—,-0.01,—,—,-0.01,-0.01,-0.01,—,—,—
5104,DPS,—,—,—,—,—,—,—,—,—,—,0.01
5104,Div Payout,—,—,—,—,—,—,—,—,31.5,27.8,250.9
5104,Shares,713,713,713,713,713,713,713,713,714,715,716
5104,BVPS,0.10,0.10,0.10,0.11,0.11,0.11,0.12,0.13,0.14,0.14,0.15
5104,OCF,6,4,-2,5,3,1,—,2,-4,7,4
5104,FCF,5,4,-3,3,1,-1,-1,-1,-6,3,—
5104,NP Margin,2.40,0.87,-7.70,0.70,-2.45,-5.13,-6.61,-7.15,-0.58,1.12,1.59
5104,ROE,2.42,0.85,-7.23,0.82,-2.76,-5.68,-7.02,-6.82,-0.64,1.25,1.91
5104,Revenue GR,11.68,0.98,-22.56,1.31,-3.64,-5.51,0.87,-17.43,-3.31,-8.50,-5.85
5104,Revenue GR 3Y avg,—,-7.47,-8.90,-2.66,-2.80,-7.68,-6.97,-9.94,-5.91,-9.93,-11.38
5104,Revenue GR 5Y avg,—,-6.32,-6.35,-5.14,-6.02,-6.99,-7.05,-10.22,-9.25,-8.45,-9.10
5104,Revenue GR 10Y avg,—,-6.69,-8.30,-7.21,-7.24,-8.05,—,—,—,—,—
5104,NP GR,—,—,—,—,—,—,—,—,—,-41.46,-50.88
5104,NP GR 3Y avg,—,—,—,—,—,—,—,—,—,-42.56,-39.77
5104,NP GR 5Y avg,—,-12.75,—,-28.35,—,—,—,—,—,—,—
5104,NP GR 10Y avg,0.0,0.0,0.0,0.0,0.0,0.0,0.0,0.0,0.0,0.0,0.0
5104,EPS GR,-125.00,—,—,—,—,—,—,—,—,412.82,-11.92
5104,EPS GR 3Y avg,—,—,—,—,—,—,—,—,—,16.81,-50.83
5104,EPS GR 5Y avg,—,—,—,—,—,—,—,—,—,-13.04,-39.70
5104,EPS GR 10Y avg,—,-12.91,—,-28.72,—,—,—,—,—,—,—
5104,OCF GR,—,—,—,95.81,255.57,127.45,-81.99,—,—,82.28,-44.16
5104,FCF GR,—,—,—,79.54,—,—,—,—,—,—,—
5104,D/E,0.02,0.02,0.02,0.01,0.01,—,—,—,—,—,—
5104,Price,0.1350,0.0900,0.0600,0.0600,0.1300,0.0700,0.0850,0.0750,0.1000,0.1000,0.1500
5107,Year End,TTM,2020-03,2019-03,2018-03,2017-03,2016-03,2015-03,2014-03,2013-03,2012-03,2011-03
5107,Revenue,131,120,141,155,199,190,194,171,141,149,134
5107,NP,-4,-19,-2,—,28,21,21,11,1,6,-13
5107,EPS,-0.04,-0.22,-0.02,—,0.32,0.24,0.24,0.13,0.01,0.07,-0.16
5107,DPS,—,—,0.05,0.11,0.11,0.08,0.04,—,—,—,—
5107,Div Payout,—,—,—,128.8,36.3,38.6,17.7,—,—,—,—
5107,Shares,88,88,88,88,88,88,86,85,85,85,85
5107,BVPS,1.43,1.44,1.61,1.74,1.81,1.59,1.36,1.14,0.99,1.01,—
5107,OCF,11,6,-16,11,24,16,28,15,11,5,-7
5107,FCF,5,-1,-23,3,17,9,22,11,6,—,-10
5107,NP Margin,-2.94,-15.84,-1.54,-0.21,14.30,10.98,10.82,6.54,0.44,4.21,-10.01
5107,ROE,-3.06,-14.44,-1.52,-0.21,19.11,16.26,19.40,12.40,0.75,7.60,-14.98
5107,Revenue GR,9.02,-15.40,-8.58,-22.26,4.68,-2.05,13.19,21.28,-5.31,11.16,—
5107,Revenue GR 3Y avg,—,-15.60,-9.39,-7.28,5.09,10.37,9.13,8.48,2.10,-0.59,—
5107,Revenue GR 5Y avg,—,-9.22,-3.78,1.82,5.91,7.19,7.88,2.44,0.29,-0.59,—
5107,Revenue GR 10Y avg,—,-1.04,-0.72,1.05,2.61,3.51,—,—,—,—,—
5107,NP GR,—,—,—,—,36.37,222.02,49.49,—,—,—,—
5107,NP GR 3Y avg,—,—,—,—,35.25,—,—,—,-11.94,-12.98,—
5107,NP GR 5Y avg,—,—,—,—,8.48,3.75,—,—,—,—,—
5107,NP GR 10Y avg,0.0,0.0,0.0,0.0,0.0,0.0,0.0,0.0,0.0,0.0,0.0
5107,EPS GR,-116.79,—,—,—,36.04,-2.58,84.84,—,-90.12,—,—
5107,EPS GR 3Y avg,—,—,—,—,34.80,219.24,48.87,—,—,—,—
5107,EPS GR 5Y avg,—,—,—,—,34.32,—,—,—,-12.09,-12.99,—
5107,EPS GR 10Y avg,—,—,—,—,8.11,2.47,—,—,—,—,—
5107,OCF GR,—,—,—,-51.18,43.66,-41.59,84.92,32.45,151.32,—,—
5107,FCF GR,—,—,—,-83.89,89.18,-58.81,108.10,68.20,—,—,—
5107,D/E,0.06,0.03,—,—,—,—,—,—,—,—,—
5107,Price,0.9550,0.9550,0.3100,1.1200,1.4200,3.5000,1.9500,2.7000,1.3200,0.4100,0.3100
5108,Year End,TTM,2020-12,2019-12,2018-12,2017-12,2016-12,2015-12,2014-12,2013-12,2012-12,2011-12
5108,Revenue,"3,045,650","2,994,524","3,525,600","3,650,111","3,643,427","3,337,017","3,790,251","3,673,964","3,568,091","3,039,738","3,024,355"
5108,NP,"242,472","-23,301","292,598","291,642","288,275","265,550","284,294","300,589","202,053","171,605","102,970"
5108,EPS,343.78,-33.09,331.76,387.28,375.01,338.52,362.52,383.39,257.81,219.10,131.50
5108,DPS,110.00,110.00,80.00,—,150.00,140.00,130.00,160.00,57.00,32.00,22.00
5108,Div Payout,384.8,44.9,21.2,19.4,38.8,40.3,52.3,23.7,13.4,—,13.7
5108,Shares,704,704,724,753,769,784,784,784,784,783,783
5108,BVPS,3553.74,3027.43,3120.49,3213.46,3050.21,2592.52,2670.62,2508.27,2142.87,—,1449.59
5108,OCF,"553,715","526,947","464,456","360,955","418,106","444,535","553,938","428,624","471,770","404,465","152,157"
5108,FCF,"349,005","308,834","184,532","97,654","213,552","251,821","294,721","137,655","197,204","159,476","-35,696"
5108,NP Margin,7.96,-0.78,8.30,7.99,7.91,7.96,7.50,8.18,5.66,5.65,3.40
5108,ROE,10.27,-1.05,12.52,12.34,12.45,11.81,13.26,15.48,12.70,13.69,9.06
5108,Revenue GR,0.62,-15.06,-3.41,0.18,9.18,-11.96,3.17,2.97,17.38,0.51,5.69
5108,Revenue GR 3Y avg,—,-6.33,1.85,-1.25,-0.28,-2.21,7.63,6.70,7.63,5.39,-2.21
5108,Revenue GR 5Y avg,—,-4.60,-0.82,0.46,3.69,1.99,5.78,7.18,1.98,-2.16,0.22
5108,Revenue GR 10Y avg,—,0.46,3.10,1.22,0.72,1.10,3.48,4.28,4.47,3.06,3.55
5108,NP GR,—,—,3.29,0.85,-1.38,9.54,18.33,42.92,26.88,447.96,114.65
5108,NP GR 3Y avg,—,—,-0.54,7.62,10.93,20.86,23.51,210.41,80.96,5.45,3.88
5108,NP GR 5Y avg,—,—,75.71,39.55,8.15,12.05,4.63,10.14,8.58,14.23,19.47
5108,NP GR 10Y avg,0.0,0.0,0.0,0.0,0.0,0.0,0.0,0.0,0.0,0.0,0.0
5108,EPS GR,—,—,4.39,3.27,10.78,-6.62,-5.44,48.71,17.67,66.62,4.23
5108,EPS GR 3Y avg,—,—,6.10,2.23,-0.73,9.50,18.28,42.86,26.90,448.19,114.47
5108,EPS GR 5Y avg,—,—,1.07,8.48,11.35,20.82,23.50,210.43,80.84,5.37,3.81
5108,EPS GR 10Y avg,—,—,77.13,40.06,8.32,11.99,4.80,10.68,9.66,15.49,2.68
5108,OCF GR,—,13.45,28.67,-13.67,-5.95,-19.75,29.24,-9.15,16.64,165.82,-38.58
5108,FCF GR,—,67.36,88.97,-54.27,-15.20,-14.56,114.10,-30.20,23.66,—,—
5108,D/E,0.26,0.31,0.20,0.09,0.13,0.07,0.13,0.18,0.16,0.24,0.33
5108,Price,2.0200,2.0300,2.4200,2.5900,2.6400,2.2900,2.3200,2.5200,2.4000,2.8600,2.7700
5112,Year End,TTM,2020-12,2019-12,2018-12,2017-12,2016-12,2015-12,2014-12,2013-12,2012-12,2011-12
5112,Revenue,571,555,494,519,689,562,455,489,470,376,435
5112,NP,40,14,-226,-595,37,147,62,48,63,157,125
5112,EPS,0.05,0.02,-0.26,-0.67,0.03,0.17,0.07,0.05,0.07,0.21,0.19
5112,DPS,—,—,—,0.02,0.07,—,0.02,0.04,0.01,0.13,0.10
5112,Div Payout,—,—,—,—,33.7,—,62.9,44.1,35.6,76.4,52.8
5112,Shares,884,884,884,884,884,884,884,886,912,743,642
5112,BVPS,0.67,0.66,0.83,1.55,1.57,1.46,1.37,1.36,1.30,1.83,0.95
5112,OCF,126,130,134,42,179,17,-250,432,131,-29,159
5112,FCF,86,83,65,-55,64,-104,-427,167,-408,-76,136
5112,NP Margin,7.10,2.52,-45.89,-114.53,5.33,26.15,13.65,9.88,13.43,41.65,28.71
5112,ROE,7.01,2.44,-33.39,-54.81,2.63,10.95,5.01,4.03,5.47,17.96,21.95
5112,Revenue GR,13.58,12.43,-4.93,-24.67,22.57,23.50,-6.88,4.04,25.04,-13.57,18.82
5112,Revenue GR 3Y avg,—,-6.97,-4.25,4.47,12.13,6.16,6.60,3.98,8.69,7.29,21.34
5112,Revenue GR 5Y avg,—,4.04,0.19,2.01,12.89,5.28,4.47,9.94,14.07,16.44,29.22
5112,Revenue GR 10Y avg,—,4.25,4.95,7.87,14.65,16.64,—,—,—,—,—
5112,NP GR,—,-27.51,—,—,-8.73,32.58,-26.51,-27.12,-10.99,42.76,14.09
5112,NP GR 3Y avg,—,-25.78,—,—,-25.17,3.33,-7.04,-2.13,-5.57,20.65,28.48
5112,NP GR 5Y avg,—,-16.94,—,—,-4.99,15.22,—,—,—,—,—
5112,NP GR 10Y avg,0.0,0.0,0.0,0.0,0.0,0.0,0.0,0.0,0.0,0.0,0.0
5112,EPS GR,-230.00,—,—,—,-75.00,136.70,28.99,-21.24,-60.59,-9.73,37.37
5112,EPS GR 3Y avg,—,-27.58,—,—,-8.61,33.97,-26.30,-34.56,-21.23,27.27,-17.79
5112,EPS GR 5Y avg,—,-25.81,—,—,-25.02,-3.07,-13.07,-8.54,-27.69,-7.57,5.11
5112,EPS GR 10Y avg,—,-19.69,—,—,-16.76,0.94,—,—,—,—,—
5112,OCF GR,—,-3.20,217.07,-76.43,944.54,—,—,229.03,—,—,-14.96
5112,FCF GR,—,26.70,—,—,—,—,—,—,—,—,-10.38
5112,D/E,1.90,1.95,2.15,1.51,0.87,0.83,0.89,0.90,0.84,0.42,0.24
5112,Price,0.4850,0.5700,0.6500,0.4650,1.1500,1.1000,1.1600,1.7000,1.8800,1.9900,2.1200
5113,Year End,TTM,2020-12,2019-12,2018-12,2017-12,2016-12,2015-12,2014-12,2013-12,2012-12,2011-12
5113,Revenue,406,385,285,338,324,250,184,239,282,314,360
5113,NP,-52,-44,-52,-134,-130,-67,-60,5,2,21,68
5113,EPS,-0.03,-0.02,-0.03,-0.07,-0.06,-0.03,-0.03,—,—,0.01,0.05
5113,DPS,—,—,—,—,—,—,—,—,0.01,0.01,—
5113,Div Payout,—,—,—,—,—,—,—,—,—,144.2,—
5113,Shares,"2,042","2,042","2,042","2,042","2,042","2,042","2,042","2,042","2,042","2,042","1,472"
5113,BVPS,0.19,0.17,0.26,0.35,0.46,0.50,0.54,0.55,0.50,0.52,—
5113,OCF,-47,-23,51,—,66,47,44,74,26,41,142
5113,FCF,-55,-30,37,-68,24,-3,-48,5,-74,-89,65
5113,NP Margin,-12.87,-11.45,-18.12,-39.45,-40.16,-26.62,-32.54,1.99,0.78,6.79,18.95
5113,ROE,-14.34,-11.91,-13.68,-28.47,-21.69,-9.54,-7.94,0.62,0.28,2.55,10.39
5113,Revenue GR,25.18,35.42,-15.91,4.40,29.45,35.96,-23.08,-15.14,-10.08,-12.71,—
5113,Revenue GR 3Y avg,—,5.93,4.35,22.48,10.62,-3.91,-16.28,-12.67,—,9.47,22.83
5113,Revenue GR 5Y avg,—,15.91,3.51,3.70,0.65,-6.98,—,1.94,10.79,30.05,—
5113,Revenue GR 10Y avg,—,—,2.63,7.60,16.15,—,—,—,—,—,—
5113,NP GR,—,—,—,—,—,—,—,-58.79,—,-12.99,33.49
5113,NP GR 3Y avg,—,—,—,—,—,—,—,-28.22,-29.13,16.54,—
5113,NP GR 5Y avg,—,—,—,—,—,—,—,—,—,—,—
5113,NP GR 10Y avg,0.0,0.0,0.0,0.0,0.0,0.0,0.0,0.0,0.0,0.0,0.0
5113,EPS GR,333.33,—,—,—,—,—,—,113.89,-89.66,-77.07,—
5113,EPS GR 3Y avg,—,—,—,—,—,—,—,-62.99,—,—,—
5113,EPS GR 5Y avg,—,—,—,—,—,—,—,—,—,—,—
5113,EPS GR 10Y avg,—,—,—,—,—,—,—,—,—,—,—
5113,OCF GR,—,—,—,-99.82,39.04,8.26,-41.16,189.05,-37.57,-70.87,—
5113,FCF GR,—,—,—,—,—,—,—,—,—,—,—
5113,D/E,0.53,0.53,0.58,0.62,0.55,0.53,0.46,0.40,0.38,0.32,0.29
5113,Price,0.2500,0.2800,0.4300,0.1550,0.3850,0.5050,0.5200,0.5450,0.7850,0.8500,0.9300
5115,Year End,TTM,2020-12,2019-12,2018-12,2017-12,2016-12,2015-12,2014-12,2013-12,2012-12,2011-12
5115,Revenue,166,255,307,95,161,229,350,392,447,502,308
5115,NP,-106,-119,-79,-171,-146,-138,46,61,74,58,12
5115,EPS,-0.08,-0.10,-0.08,-0.18,-0.16,-0.14,0.05,0.07,0.09,0.07,0.02
5115,DPS,—,—,—,—,—,—,—,—,—,—,—
5115,Div Payout,—,—,—,—,—,—,—,—,2.2,—,—
5115,Shares,"1,308","1,237",944,924,924,924,925,875,809,791,795
5115,BVPS,0.16,0.23,0.39,0.59,0.78,0.93,0.94,0.89,0.75,0.67,0.59
5115,OCF,-31,-15,-14,58,3,-32,44,200,31,69,-12
5115,FCF,-41,-25,-24,55,-31,-41,11,169,-116,41,-30
5115,NP Margin,-64.21,-46.81,-25.92,-179.24,-90.62,-59.92,13.02,15.50,16.61,11.60,4.05
5115,ROE,-38.11,-41.90,-21.68,-34.22,-21.80,-16.99,5.34,8.45,13.13,11.57,2.63
5115,Revenue GR,-85.58,-16.78,221.57,-40.79,-29.81,-34.48,-10.56,-12.48,-10.95,63.05,27.22
5115,Revenue GR 3Y avg,—,16.58,10.15,-35.18,-25.63,-19.95,-11.33,8.32,22.70,12.92,-1.54
5115,Revenue GR 5Y avg,—,-6.13,-4.77,-26.59,-20.35,-5.72,7.66,2.33,6.74,14.99,15.31
5115,Revenue GR 10Y avg,—,0.52,-1.28,-11.48,-4.30,4.26,—,—,—,—,—
5115,NP GR,—,—,—,—,—,—,-7.85,69.45,—,-13.90,-45.77
5115,NP GR 3Y avg,—,—,—,—,—,—,—,-7.84,-1.03,2.73,-24.09
5115,NP GR 5Y avg,—,—,—,—,—,—,—,—,—,—,—
5115,NP GR 10Y avg,0.0,0.0,0.0,0.0,0.0,0.0,0.0,0.0,0.0,0.0,0.0
5115,EPS GR,-66.67,—,—,—,—,—,-28.99,-26.60,27.03,362.50,—
5115,EPS GR 3Y avg,—,—,—,—,—,—,-12.84,62.77,—,-25.08,-52.68
5115,EPS GR 5Y avg,—,—,—,—,—,—,—,-17.08,-9.04,-6.94,-22.02
5115,EPS GR 10Y avg,—,—,—,—,—,—,—,—,—,—,—
5115,OCF GR,—,—,—,—,—,—,-78.01,536.86,-54.43,—,—
5115,FCF GR,—,—,—,—,—,—,-93.67,—,—,—,—
5115,D/E,0.02,0.02,0.23,0.22,0.03,0.08,0.10,0.16,0.41,0.66,0.89
5115,Price,0.0850,0.0850,0.1300,0.0800,0.1800,0.2650,0.4250,0.6300,1.5700,0.6800,0.7600
5141,Year End,TTM,2020-12,2019-12,2018-12,2017-12,2016-12,2015-12,2014-12,2013-12,2012-12,2011-12
5141,Revenue,643,731,"1,046",939,695,708,779,877,553,401,382
5141,NP,20,56,231,160,-145,55,172,180,149,101,83
5141,EPS,0.02,0.05,0.23,0.16,-0.15,0.06,0.19,0.21,0.17,0.12,0.10
5141,DPS,—,—,—,—,—,—,0.03,0.07,0.06,0.06,0.06
5141,Div Payout,—,—,—,—,—,—,16.4,33.8,39.7,54.3,26.0
5141,Shares,"1,158","1,061","1,018","1,014",985,922,922,881,867,867,850
5141,BVPS,1.40,1.42,1.21,1.02,0.77,1.27,1.20,0.82,0.74,0.69,0.43
5141,OCF,125,344,317,310,221,329,291,176,127,98,99
5141,FCF,73,291,282,283,207,317,249,57,-27,58,53
5141,NP Margin,3.04,7.71,22.08,17.06,-20.85,7.70,22.11,20.54,27.01,25.23,21.74
5141,ROE,1.26,3.86,18.06,15.37,-12.99,4.44,15.99,22.09,23.63,18.08,18.56
5141,Revenue GR,-51.14,-30.08,11.44,35.08,-1.87,-9.03,-11.21,58.67,37.74,4.94,49.70
5141,Revenue GR 3Y avg,—,1.72,13.89,6.43,-7.46,8.62,24.73,31.88,29.34,26.77,—
5141,Revenue GR 5Y avg,—,-1.24,3.59,11.18,11.61,13.12,24.97,34.81,—,24.43,27.00
5141,Revenue GR 10Y avg,—,11.10,18.17,—,18.01,20.02,20.77,—,—,—,—
5141,NP GR,—,—,61.78,-2.38,—,-28.51,19.36,29.40,30.14,31.24,—
5141,NP GR 3Y avg,—,-20.00,5.10,1.41,—,-8.08,20.51,32.10,—,26.97,28.02
5141,NP GR 5Y avg,—,-1.81,17.83,—,—,8.92,22.11,—,—,—,—
5141,NP GR 10Y avg,0.0,0.0,0.0,0.0,0.0,0.0,0.0,0.0,0.0,0.0,0.0
5141,EPS GR,-389.77,-76.54,43.55,—,—,-68.30,-8.70,18.69,47.47,19.44,14.35
5141,EPS GR 3Y avg,—,—,56.47,-5.42,—,-29.96,16.91,27.86,26.29,27.36,—
5141,EPS GR 5Y avg,—,-22.20,2.09,-1.72,—,-9.56,16.89,29.31,—,24.81,26.31
5141,EPS GR 10Y avg,—,-4.64,14.90,—,—,7.32,20.31,—,—,—,—
5141,OCF GR,—,8.40,2.20,40.03,-32.65,12.92,65.47,38.03,29.96,-1.33,42.46
5141,FCF GR,—,3.15,-0.49,36.80,-34.60,27.41,337.20,—,—,9.17,68.19
5141,D/E,0.33,0.35,0.48,0.02,0.16,1.02,1.11,0.07,0.07,0.07,0.11
5141,Price,1.4600,1.1800,2.5100,0.5400,0.6800,0.9800,1.4000,2.9000,5.7900,2.3800,1.8300
5145,Year End,TTM,2020-12,2019-12,2018-12,2017-12,2016-12,2015-12,2014-12,2013-12,2012-12,2011-12
5145,Revenue,37,50,66,70,75,123,142,128,209,121,202
5145,NP,-45,-41,-37,-20,-50,-57,-8,8,14,-9,18
5145,EPS,-0.09,-0.08,-0.07,-0.04,-0.10,-0.11,-0.02,0.02,0.03,-0.02,0.04
5145,DPS,—,—,—,—,—,—,—,0.01,—,0.01,0.02
5145,Div Payout,—,—,—,—,—,—,—,55.3,—,—,59.9
5145,Shares,500,500,500,500,500,500,500,500,500,500,500
5145,BVPS,0.56,0.61,0.69,0.73,0.81,0.94,1.02,0.90,0.90,0.87,0.88
5145,OCF,1,7,14,—,27,46,32,91,-1,-23,18
5145,FCF,—,6,13,-1,26,46,29,38,-62,-64,-26
5145,NP Margin,-123.51,-81.77,-55.18,-29.25,-66.14,-46.10,-5.32,6.45,6.49,-7.49,8.77
5145,ROE,-14.71,-13.22,-10.51,-5.42,-11.85,-11.88,-1.57,1.81,3.07,-2.07,4.01
5145,Revenue GR,-64.88,-24.92,-4.72,-7.18,-38.83,-13.15,10.47,-38.64,71.91,-39.89,-10.17
5145,Revenue GR 3Y avg,—,-12.76,-18.52,-20.99,-16.27,-16.19,5.23,-14.09,-2.45,-14.34,-5.09
5145,Revenue GR 5Y avg,—,-18.81,-12.29,-19.68,-9.14,-9.46,-8.85,-7.89,-2.45,—,—
5145,Revenue GR 10Y avg,—,-13.97,-10.12,-11.48,—,—,—,—,—,—,—
5145,NP GR,—,—,—,—,—,—,—,-22.47,-25.94,—,-32.62
5145,NP GR 3Y avg,—,—,—,—,—,—,—,-30.85,-25.20,—,—
5145,NP GR 5Y avg,—,—,—,—,—,—,—,—,—,—,—
5145,NP GR 10Y avg,0.0,0.0,0.0,0.0,0.0,0.0,0.0,0.0,0.0,0.0,0.0
5145,EPS GR,77.48,—,—,—,—,—,—,-39.11,—,—,-46.93
5145,EPS GR 3Y avg,—,—,—,—,—,—,—,-22.47,-25.93,—,-44.57
5145,EPS GR 5Y avg,—,—,—,—,—,—,—,-30.87,-33.47,—,—
5145,EPS GR 10Y avg,—,—,—,—,—,—,—,—,—,—,—
5145,OCF GR,—,-50.97,—,—,-41.77,46.78,-65.33,—,—,—,-86.24
5145,FCF GR,—,-51.33,—,—,-43.23,59.29,-25.40,—,—,—,—
5145,D/E,0.10,0.09,0.11,0.15,0.23,0.26,0.31,0.41,0.56,0.55,0.44
5145,Price,0.2850,0.1900,0.4450,0.1050,0.1300,0.1600,0.2600,0.3450,0.3900,0.3600,0.4300
5148,Year End,TTM,2020-12,2019-12,2018-12,2017-12,2016-12,2015-12,2014-12,2013-12,2012-12,2011-12
5148,Revenue,"1,194","1,137","2,909","2,044","2,903","1,841","1,750","2,662","2,425","1,940","1,703"
5148,NP,-259,-277,224,280,280,147,257,480,579,448,302
5148,EPS,-0.05,-0.06,0.04,0.05,0.02,0.02,0.06,0.08,0.12,0.09,0.05
5148,DPS,—,—,—,0.01,—,0.02,0.03,0.04,0.03,—,—
5148,Div Payout,—,—,—,13.7,—,51.1,35.2,66.3,21.2,—,—
5148,Shares,"5,189","5,058","5,155","5,155","5,160","5,160","4,647","4,537","4,344","4,825","4,672"
5148,BVPS,1.37,1.39,1.58,1.56,1.57,1.48,1.42,1.33,1.27,1.23,1.09
5148,OCF,—,—,—,—,—,—,—,—,—,—,—
5148,FCF,-89,-107,"1,622",75,-238,-761,900,-146,579,-31,144
5148,NP Margin,-21.73,-24.39,7.69,13.72,9.65,8.00,14.70,18.03,23.77,23.12,17.71
5148,ROE,-3.68,-4.14,3.30,4.19,4.28,2.16,3.92,7.77,10.17,8.83,8.02
5148,Revenue GR,29.02,-60.92,42.34,-29.60,57.67,5.24,-34.26,9.75,25.04,13.89,261.50
5148,Revenue GR 3Y avg,—,-26.84,16.47,5.32,2.94,-8.77,-3.37,16.05,72.67,68.83,49.31
5148,Revenue GR 5Y avg,—,-8.26,1.80,-3.36,8.40,1.57,30.01,45.87,36.51,0.72,30.32
5148,Revenue GR 10Y avg,—,9.21,21.85,14.86,4.49,15.05,23.71,—,—,—,—
5148,NP GR,—,—,14.96,2.91,-16.43,-36.64,-16.91,16.73,43.86,57.56,59.62
5148,NP GR 3Y avg,—,—,-14.15,-13.51,-8.98,-13.36,5.74,33.16,50.83,-3.26,29.76
5148,NP GR 5Y avg,—,—,6.92,14.22,-6.16,6.03,58.54,—,—,—,—
5148,NP GR 10Y avg,0.0,0.0,0.0,0.0,0.0,0.0,0.0,0.0,0.0,0.0,0.0
5148,EPS GR,-81.25,—,-18.87,-1.85,107.69,-52.73,-36.78,-28.69,43.53,44.07,15.69
5148,EPS GR 3Y avg,—,—,18.26,-1.23,-14.70,-40.27,-13.51,13.82,33.74,38.27,43.93
5148,EPS GR 5Y avg,—,—,-13.15,-15.36,-8.67,-15.12,1.52,22.03,43.88,-13.90,—
5148,EPS GR 10Y avg,—,—,2.95,10.35,-11.33,—,—,—,—,—,—
5148,OCF GR,—,—,—,—,—,—,—,—,—,—,—
5148,FCF GR,—,—,—,—,—,—,—,—,—,—,—
5148,D/E,0.44,0.38,0.36,0.34,0.44,0.35,0.33,0.33,0.29,0.28,0.23
5148,Price,0.4350,0.4950,0.7050,0.6650,1.0400,1.0500,1.1200,1.4100,2.3600,2.1000,2.4200
5149,Year End,TTM,2020-05,2019-05,2018-05,2017-05,2016-05,2015-05,2014-05,2013-05,2012-05,2011-05
5149,Revenue,24,16,37,48,21,116,276,254,138,102,120
5149,NP,-68,-75,4,1,-14,-22,13,29,13,11,4
5149,EPS,-0.39,-0.42,0.02,—,-0.08,-0.12,0.07,0.16,0.08,0.06,0.02
5149,DPS,—,—,—,—,—,—,—,0.04,0.01,—,0.02
5149,Div Payout,—,—,—,—,—,—,27.4,12.0,15.2,—,—
5149,Shares,—,175,176,176,176,176,176,176,176,177,180
5149,BVPS,0.53,0.93,0.91,0.91,1.00,1.10,1.07,1.00,0.85,0.79,—
5149,OCF,-3,-9,18,32,-41,22,6,-16,-3,-5,17
5149,FCF,-3,-9,18,17,-41,22,6,-17,-5,-10,16
5149,NP Margin,-278.39,-462.89,10.82,1.63,-67.79,-18.88,4.55,11.32,9.75,11.02,3.24
5149,ROE,-54.85,-60.26,2.47,0.49,-8.41,-12.00,6.86,17.61,9.17,8.20,2.95
5149,Revenue GR,993.55,-56.12,-23.90,134.05,-82.12,-58.03,8.50,84.26,35.86,-15.05,—
5149,Revenue GR 3Y avg,—,-7.89,-31.71,-44.00,-56.66,-5.68,39.52,28.60,-0.51,22.75,—
5149,Revenue GR 5Y avg,—,-43.29,-32.03,-18.88,-27.25,-0.64,14.51,35.87,—,—,—
5149,Revenue GR 10Y avg,—,-19.41,-3.90,—,—,—,—,—,—,—,—
5149,NP GR,—,—,—,-60.23,—,—,3.85,95.06,17.33,26.78,—
5149,NP GR 3Y avg,—,—,-32.65,-43.29,—,—,8.53,39.26,—,—,—
5149,NP GR 5Y avg,—,—,-3.15,—,—,—,—,—,—,—,—
5149,NP GR 10Y avg,0.0,0.0,0.0,0.0,0.0,0.0,0.0,0.0,0.0,0.0,0.0
5149,EPS GR,-182.97,—,404.44,—,—,—,-56.44,113.99,20.66,194.88,—
5149,EPS GR 3Y avg,—,—,—,-60.19,—,—,3.99,96.73,14.40,-42.30,—
5149,EPS GR 5Y avg,—,—,-32.64,-43.26,—,—,6.89,-13.08,—,—,—
5149,EPS GR 10Y avg,—,—,-23.48,—,—,—,—,—,—,—,—
5149,OCF GR,—,—,-44.75,—,—,257.32,—,—,—,—,—
5149,FCF GR,—,—,2.02,—,—,270.84,—,—,—,—,—
5149,D/E,0.08,0.12,—,—,—,—,—,—,—,—,—
5149,Price,0.2400,0.2400,0.2350,0.2750,0.3400,0.3700,0.6300,1.3500,0.5000,0.3600,0.4000
5152,Year End,TTM,2020-12,2019-12,2018-12,2017-12,2016-12,2015-12,2014-12,2013-12,2012-12,2011-12
5152,Revenue,252,216,170,157,184,180,62,46,50,79,55
5152,NP,10,10,21,13,10,12,7,4,6,16,12
5152,EPS,0.04,0.04,0.09,0.05,0.04,0.06,0.03,0.02,0.03,0.09,0.07
5152,DPS,—,—,0.02,0.01,0.01,0.01,0.01,0.02,0.04,0.05,0.03
5152,Div Payout,—,—,27.7,31.9,15.7,26.2,57.3,187.7,96.4,56.4,38.3
5152,Shares,209,231,231,230,209,194,184,199,204,185,184
5152,BVPS,0.78,0.73,0.66,0.60,0.57,0.50,0.46,0.44,0.46,0.44,0.32
5152,OCF,-2,4,21,27,9,16,5,-1,10,23,11
5152,FCF,-15,-10,17,23,1,10,3,-3,1,21,9
5152,NP Margin,3.89,4.52,12.19,8.25,5.18,6.63,10.94,8.78,12.53,20.83,22.17
5152,ROE,6.49,6.62,15.66,11.32,9.45,13.08,8.07,4.98,7.74,21.69,19.06
5152,Revenue GR,93.92,27.23,8.13,-14.41,2.10,192.32,32.82,-7.98,-36.12,43.11,24.90
5152,Revenue GR 3Y avg,—,5.60,-1.87,36.70,58.26,52.87,-7.92,-5.60,4.52,—,—
5152,Revenue GR 5Y avg,—,28.58,29.69,25.57,18.43,26.71,6.89,—,—,—,—
5152,Revenue GR 10Y avg,—,17.23,—,—,—,—,—,—,—,—,—
5152,NP GR,—,0.89,20.23,24.40,32.73,23.64,-25.71,-30.67,-4.39,—,—
5152,NP GR 3Y avg,—,7.74,38.48,15.50,-10.34,-0.48,-1.38,—,—,—,—
5152,NP GR 5Y avg,—,3.08,—,—,—,—,—,—,—,—,—
5152,NP GR 10Y avg,0.0,0.0,0.0,0.0,0.0,0.0,0.0,0.0,0.0,0.0,0.0
5152,EPS GR,-0.78,-52.84,59.18,23.85,-25.96,82.62,64.55,-33.93,-65.09,33.61,69.19
5152,EPS GR 3Y avg,—,-2.40,13.44,18.75,30.55,25.69,-27.60,-32.45,-7.59,—,—
5152,EPS GR 5Y avg,—,4.68,34.41,12.73,-12.49,-1.52,-3.01,—,—,—,—
5152,EPS GR 10Y avg,—,0.76,—,—,—,—,—,—,—,—,—
5152,OCF GR,—,-79.19,-19.25,194.17,-41.67,198.24,—,—,-57.80,111.49,152.67
5152,FCF GR,—,—,-26.96,—,-93.54,248.47,—,—,-93.28,125.27,189.14
5152,D/E,0.10,0.11,0.08,0.02,0.12,0.12,0.15,0.05,0.05,0.01,—
5152,Price,0.6050,0.6150,1.3800,1.0100,1.2500,1.0100,0.8000,0.7850,1.0500,0.9400,0.6200
5156,Year End,TTM,2018-12,2017-12,2016-12,2015-12,2014-12,2013-12,2012-12,2011-12,2010-12,2009-12
5156,Revenue,464,454,542,504,545,530,646,947,961,"1,021",776
5156,NP,27,22,17,7,7,50,104,166,176,171,138
5156,EPS,0.01,0.01,0.01,—,0.01,0.02,0.11,0.19,0.27,0.19,0.22
5156,DPS,—,—,—,—,—,—,0.01,—,0.01,0.02,—
5156,Div Payout,—,—,—,—,—,—,—,—,—,—,—
5156,Shares,"1,784","1,563","1,348","2,695","1,255","2,265",907,896,672,921,614
5156,BVPS,0.45,—,—,—,—,—,—,—,—,—,—
5156,OCF,62,59,68,52,-47,81,86,157,150,189,198
5156,FCF,59,58,60,52,-50,74,-19,52,32,35,78
5156,NP Margin,5.79,4.84,3.06,1.38,1.25,9.35,16.03,17.50,18.29,16.75,17.72
5156,ROE,1.89,1.64,1.32,0.56,0.56,4.58,10.99,20.91,29.89,40.63,39.41
5156,Revenue GR,-13.51,-16.25,7.66,-7.52,2.79,-17.98,-31.79,-1.40,-5.86,—,—
5156,Revenue GR 3Y avg,—,-5.88,0.77,-7.96,-16.84,-17.99,-14.13,6.86,—,—,—
5156,Revenue GR 5Y avg,—,-6.81,-10.55,-12.11,-11.80,-7.35,—,—,—,—,—
5156,Revenue GR 10Y avg,—,—,—,—,—,—,—,—,—,—,—
5156,NP GR,—,47.90,-30.58,-59.40,-65.52,-34.41,-15.39,6.43,—,—,—
5156,NP GR 3Y avg,—,-26.65,-36.90,-47.61,-47.53,-18.46,—,—,—,—,—
5156,NP GR 5Y avg,—,—,—,—,—,—,—,—,—,—,—
5156,NP GR 10Y avg,0.0,0.0,0.0,0.0,0.0,0.0,0.0,0.0,0.0,0.0,0.0
5156,EPS GR,-186.96,158.72,4.81,92.59,-93.84,-61.61,-49.54,29.47,-5.92,—,—
5156,EPS GR 3Y avg,—,73.49,-50.08,-64.28,-77.14,-36.94,-14.98,0.32,—,—,—
5156,EPS GR 5Y avg,—,-34.18,-52.53,-50.48,-57.09,-27.85,—,—,—,—,—
5156,EPS GR 10Y avg,—,—,—,—,—,—,—,—,—,—,—
5156,OCF GR,—,-13.72,30.86,—,—,-6.21,-45.33,4.96,-20.89,—,—
5156,FCF GR,—,-3.31,15.61,—,—,—,—,60.45,-7.78,—,—
5156,D/E,—,—,—,—,—,—,—,—,—,—,—
5156,Price,0.0600,0.0550,0.0800,0.1200,0.2900,0.0250,0.1000,0.1000,0.4700,0.1900,0.2000
5157,Year End,TTM,2020-07,2019-07,2018-07,2016-05,2015-05,2014-05,2013-05,2012-05,2011-05,2010-05
5157,Revenue,83,79,78,89,147,167,149,146,129,119,109
5157,NP,-2,-31,—,-3,-4,-2,1,—,-4,2,3
5157,EPS,-0.01,-0.19,—,-0.02,-0.03,-0.02,0.01,—,-0.04,0.02,0.03
5157,DPS,—,—,—,—,—,—,—,—,0.01,0.01,—
5157,Div Payout,—,—,—,—,—,—,—,—,—,—,—
5157,Shares,276,162,154,148,114,109,105,105,105,105,92
5157,BVPS,0.08,0.17,0.39,0.42,—,—,—,—,—,—,—
5157,OCF,-1,2,6,6,-5,12,4,—,3,1,—
5157,FCF,-3,1,6,—,-11,4,2,-1,-6,-6,—
5157,NP Margin,-2.86,-38.99,0.58,-3.11,-2.44,-1.22,0.50,0.22,-3.10,1.84,2.78
5157,ROE,-5.38,-70.85,0.76,-4.64,-6.81,-4.11,1.53,0.66,-7.88,4.13,5.80
5157,Revenue GR,10.42,0.51,-12.45,-20.60,-11.84,11.90,2.45,12.59,8.97,—,—
5157,Revenue GR 3Y avg,—,-13.98,-16.64,-11.59,0.35,8.88,7.92,10.20,—,—,—
5157,Revenue GR 5Y avg,—,-9.87,-9.60,-5.83,4.40,8.94,—,—,—,—,—
5157,Revenue GR 10Y avg,—,—,—,—,—,—,—,—,—,—,—
5157,NP GR,—,—,—,—,—,—,-29.93,-52.59,—,—,—
5157,NP GR 3Y avg,—,—,5.68,—,—,—,—,—,—,—,—
5157,NP GR 5Y avg,—,—,—,—,—,—,—,—,—,—,—
5157,NP GR 10Y avg,0.0,0.0,0.0,0.0,0.0,0.0,0.0,0.0,0.0,0.0,0.0
5157,EPS GR,-100.21,—,—,—,—,—,130.56,—,—,—,—
5157,EPS GR 3Y avg,—,—,—,—,—,—,-30.00,-54.45,—,—,—
5157,EPS GR 5Y avg,—,—,-0.92,—,—,—,—,—,—,—,—
5157,EPS GR 10Y avg,—,—,—,—,—,—,—,—,—,—,—
5157,OCF GR,—,-62.18,10.91,—,—,221.82,—,-92.16,316.43,—,—
5157,FCF GR,—,-88.44,—,—,—,155.25,—,—,—,—,—
5157,D/E,0.08,0.23,0.10,0.13,0.26,0.27,0.29,0.29,0.21,0.04,0.05
5157,Price,0.2150,0.4050,0.2900,0.3700,0.4200,0.3050,0.2850,0.5000,0.3750,0.2450,0.2200
5161,Year End,TTM,2020-09,2019-09,2018-09,2017-09,2016-09,2015-09,2014-09,2013-09,2012-09,2011-09
5161,Revenue,"1,053","1,076","1,037","1,391","1,599","1,740","1,942","1,867","1,599","2,241","1,671"
5161,NP,-23,26,-54,-112,41,-8,210,110,-62,427,13
5161,EPS,-0.01,0.01,-0.02,-0.05,0.02,—,0.10,0.05,-0.03,0.20,0.01
5161,DPS,—,0.01,—,0.01,0.04,0.07,0.05,0.03,0.01,0.08,0.01
5161,Div Payout,—,108.7,—,—,314.5,171.7,62.0,50.6,—,107.1,107.1
5161,Shares,"2,113","2,118","2,126","2,061","2,061","2,056","2,066","2,067","2,039","2,044","2,045"
5161,BVPS,0.42,0.44,0.43,0.48,0.54,0.57,0.60,0.55,0.52,—,0.43
5161,OCF,-12,—,77,11,137,186,212,141,243,379,141
5161,FCF,-83,-54,53,-57,94,111,147,100,199,245,93
5161,NP Margin,-2.14,2.42,-5.22,-8.06,2.56,-0.47,10.79,5.89,-3.85,19.06,0.81
5161,ROE,-2.52,2.88,-5.91,-11.03,3.68,-0.67,17.29,10.01,-5.60,42.44,1.53
5161,Revenue GR,-8.32,3.75,-25.44,-13.03,-8.11,-10.39,4.02,16.80,-28.67,34.11,-17.81
5161,Revenue GR 3Y avg,—,-12.38,-15.85,-10.53,-5.03,2.87,-4.66,3.76,-7.71,8.43,-3.07
5161,Revenue GR 5Y avg,—,-11.14,-11.09,-2.75,-6.53,0.82,-0.91,1.21,-2.72,6.22,—
5161,Revenue GR 10Y avg,—,-6.17,-5.14,-2.73,-0.36,—,—,—,—,—,—
5161,NP GR,—,-13.96,—,—,-28.04,—,-21.15,101.33,—,27.27,-59.51
5161,NP GR 3Y avg,—,-34.08,—,—,-37.44,—,3.81,-11.92,—,19.70,—
5161,NP GR 5Y avg,—,-17.28,—,—,-13.47,—,—,—,—,—,—
5161,NP GR 10Y avg,0.0,0.0,0.0,0.0,0.0,0.0,0.0,0.0,0.0,0.0,0.0
5161,EPS GR,-609.52,—,—,—,—,—,90.57,—,—,—,-91.76
5161,EPS GR 3Y avg,—,-15.66,—,—,-27.74,—,-21.53,96.36,—,27.85,-58.79
5161,EPS GR 5Y avg,—,-34.69,—,—,-37.46,—,3.53,-11.92,—,18.35,—
5161,EPS GR 10Y avg,—,-17.77,—,—,-13.96,—,—,—,—,—,—
5161,OCF GR,—,-99.72,634.45,-92.29,-26.63,-12.17,50.72,-42.01,-35.84,168.77,-23.60
5161,FCF GR,—,—,—,—,-15.18,-24.26,47.25,-49.94,-18.84,163.02,—
5161,D/E,0.01,—,—,—,—,—,—,—,—,—,—
5161,Price,0.3500,0.7050,0.1700,0.2750,0.5150,0.5300,0.6700,0.6350,0.6300,0.7800,0.4150
5163,Year End,TTM,2020-06,2019-06,2018-06,2017-06,2014-12,2013-12,2012-12,2011-12,2010-12,2009-12
5163,Revenue,70,73,66,71,91,123,106,102,85,51,69
5163,NP,-3,3,-4,-5,5,-6,6,7,4,3,9
5163,EPS,-0.03,0.04,-0.05,-0.06,0.06,-0.07,0.08,0.09,0.05,0.04,0.15
5163,DPS,—,—,—,—,—,0.02,0.02,0.02,0.01,—,—
5163,Div Payout,—,—,—,—,—,—,—,—,—,—,—
5163,Shares,80,80,80,80,80,80,80,80,80,73,60
5163,BVPS,0.21,0.26,0.29,0.39,0.37,—,—,—,—,—,—
5163,OCF,18,-2,6,3,7,-7,-1,-6,15,-7,—
5163,FCF,17,-3,5,2,5,-13,-4,-15,5,-11,—
5163,NP Margin,-3.71,4.49,-6.57,-6.97,4.99,-4.82,5.93,6.85,4.61,5.83,13.04
5163,ROE,-13.96,15.60,-19.21,-17.88,16.28,-9.03,9.38,11.25,6.81,5.96,20.86
5163,Revenue GR,7.95,10.13,-6.80,-22.01,-11.34,15.80,4.04,19.27,68.09,—,—
5163,Revenue GR 3Y avg,—,-7.15,-12.87,-8.56,-2.51,12.84,27.77,13.78,—,—,—
5163,Revenue GR 5Y avg,—,-5.63,-6.45,-2.83,9.35,12.16,—,—,—,—,—
5163,Revenue GR 10Y avg,—,—,—,—,—,—,—,—,—,—,—
5163,NP GR,—,-10.33,—,—,-9.15,—,28.46,-8.22,—,—,—
5163,NP GR 3Y avg,—,-9.57,—,—,6.75,—,—,—,—,—,—
5163,NP GR 5Y avg,—,—,—,—,—,—,—,—,—,—,—
5163,NP GR 10Y avg,0.0,0.0,0.0,0.0,0.0,0.0,0.0,0.0,0.0,0.0,0.0
5163,EPS GR,-971.70,—,—,—,—,—,-12.67,80.00,25.00,—,—
5163,EPS GR 3Y avg,—,-11.99,—,—,-8.62,—,25.25,-15.66,—,—,—
5163,EPS GR 5Y avg,—,-9.56,—,—,6.44,—,—,—,—,—,—
5163,EPS GR 10Y avg,—,—,—,—,—,—,—,—,—,—,—
5163,OCF GR,—,—,87.03,-57.21,—,—,—,—,—,—,—
5163,FCF GR,—,—,140.20,-57.33,—,—,—,—,—,—,—
5163,D/E,1.45,0.49,0.64,0.52,0.47,0.13,0.12,0.15,0.09,0.08,0.07
5163,Price,0.8300,0.6900,0.4450,0.3400,0.7000,0.3200,0.4300,0.5000,0.6000,0.4500,0.4100
5165,Year End,TTM,2020-12,2019-12,2018-12,2017-12,2016-12,2015-12,2014-12,2013-12,2012-12,2011-12
5165,Revenue,18,16,24,31,37,57,38,40,40,35,40
5165,NP,—,-1,-6,—,1,1,1,1,1,1,2
5165,EPS,—,-0.01,-0.07,—,0.01,0.01,0.01,0.01,0.01,0.01,0.03
5165,DPS,—,—,—,—,—,—,—,—,—,0.01,0.01
5165,Div Payout,—,—,—,—,—,—,—,—,—,109.9,—
5165,Shares,88,88,86,80,80,80,80,80,80,80,80
5165,BVPS,0.62,0.62,0.68,0.72,0.69,0.68,0.66,0.65,0.64,0.63,0.61
5165,OCF,2,4,6,7,7,7,2,3,3,3,1
5165,FCF,2,4,5,6,7,5,-1,-6,1,-20,-1
5165,NP Margin,-1.45,-6.83,-25.22,0.44,2.31,1.50,2.55,2.17,2.94,2.10,5.52
5165,ROE,-0.48,-1.98,-10.80,0.24,1.57,1.58,1.83,1.67,2.30,1.45,4.48
5165,Revenue GR,74.11,-33.92,-22.05,-16.82,-34.36,49.43,-5.06,0.59,14.41,-13.86,-6.32
5165,Revenue GR 3Y avg,—,-24.61,-24.78,-6.56,-2.35,12.59,3.00,-0.29,-2.63,0.64,—
5165,Revenue GR 5Y avg,—,-15.92,-9.60,-4.87,1.39,7.06,-2.49,3.24,—,—,—
5165,Revenue GR 10Y avg,—,-9.45,-3.39,—,—,—,—,—,—,—,—
5165,NP GR,—,—,—,-48.11,-0.33,-10.11,9.91,-26.98,-21.42,-47.93,—
5165,NP GR 3Y avg,—,—,—,-35.03,3.31,-17.53,-16.67,-30.03,—,—,—
5165,NP GR 5Y avg,—,—,—,—,—,—,—,—,—,—,—
5165,NP GR 10Y avg,0.0,0.0,0.0,0.0,0.0,0.0,0.0,0.0,0.0,0.0,0.0
5165,EPS GR,-117.50,—,—,-84.11,-0.93,-10.74,12.04,-26.03,60.44,-67.27,-17.01
5165,EPS GR 3Y avg,—,—,—,-48.01,-0.31,-9.56,9.96,-27.03,-24.18,-51.53,—
5165,EPS GR 5Y avg,—,—,—,-34.95,3.29,-17.23,-18.43,-32.98,—,—,—
5165,EPS GR 10Y avg,—,—,—,—,—,—,—,—,—,—,—
5165,OCF GR,—,-34.99,-9.30,-1.64,-1.16,298.48,-37.89,-15.80,0.63,581.20,—
5165,FCF GR,—,-22.23,-20.81,-7.22,31.13,—,—,—,—,—,—
5165,D/E,0.35,0.36,0.39,0.41,0.45,0.53,0.57,0.60,0.56,0.51,0.21
5165,Price,0.5300,0.5000,0.7000,0.4750,0.4700,0.2900,0.4000,0.3550,0.3400,0.3300,0.2600
5166,Year End,TTM,2020-12,2019-12,2018-12,2017-12,2016-12,2015-12,2014-12,2013-12,2012-12,2011-12
5166,Revenue,96,90,98,91,20,23,25,32,48,149,250
5166,NP,2,-10,-38,-16,-29,-29,-22,-43,-163,-28,38
5166,EPS,—,-0.01,-0.03,-0.01,-0.07,-0.08,-0.06,-0.11,-0.40,-0.07,0.09
5166,DPS,—,—,—,—,—,—,0.10,—,—,0.16,0.12
5166,Div Payout,—,—,—,—,—,—,—,—,—,—,27.0
5166,Shares,"1,322","1,240","1,240","1,240",420,376,376,399,410,410,410
5166,BVPS,0.15,0.13,0.17,0.19,0.25,0.35,0.44,0.64,0.76,1.03,1.27
5166,OCF,-1,1,-1,6,-14,-3,-32,-15,-14,31,62
5166,FCF,-5,-4,-10,-24,-15,-4,-33,-23,-27,-27,10
5166,NP Margin,1.64,-11.39,-38.75,-17.53,-145.92,-126.82,-89.18,-133.68,-340.29,-18.94,15.25
5166,ROE,0.82,-5.27,-17.79,-6.68,-15.99,-22.06,-12.81,-19.26,-48.13,-6.01,7.36
5166,Revenue GR,35.22,-8.02,7.23,359.78,-12.56,-7.80,-24.49,-32.09,-67.85,-40.51,-20.77
5166,Revenue GR 3Y avg,—,65.52,62.75,54.76,-15.25,-22.10,-45.17,-49.36,-46.69,-18.35,—
5166,Revenue GR 5Y avg,—,29.59,24.58,13.70,-33.21,-38.16,-40.01,-34.69,—,—,—
5166,Revenue GR 10Y avg,—,-11.83,-9.80,—,—,—,—,—,—,—,—
5166,NP GR,—,—,—,—,—,—,—,—,—,—,—
5166,NP GR 3Y avg,—,—,—,—,—,—,—,—,—,—,—
5166,NP GR 5Y avg,—,—,—,—,—,—,—,—,—,—,—
5166,NP GR 10Y avg,0.0,0.0,0.0,0.0,0.0,0.0,0.0,0.0,0.0,0.0,0.0
5166,EPS GR,-109.09,—,—,—,—,—,—,—,—,—,-63.98
5166,EPS GR 3Y avg,—,—,—,—,—,—,—,—,—,—,—
5166,EPS GR 5Y avg,—,—,—,—,—,—,—,—,—,—,—
5166,EPS GR 10Y avg,—,—,—,—,—,—,—,—,—,—,—
5166,OCF GR,—,—,—,—,—,—,—,—,—,-49.97,-43.78
5166,FCF GR,—,—,—,—,—,—,—,—,—,—,—
5166,D/E,0.66,0.69,0.95,0.11,0.01,0.06,0.06,0.17,0.15,0.11,0.08
5166,Price,0.1150,0.0600,0.0600,0.0550,0.2050,0.1900,0.3500,0.6850,0.3600,0.5900,1.2000
5169,Year End,TTM,2020-12,2019-12,2018-12,2017-12,2016-12,2015-12,2014-12,2013-12,2012-12,2011-12
5169,Revenue,280,316,371,261,180,241,299,341,149,40,30
5169,NP,38,48,52,29,40,66,71,66,23,-12,-10
5169,EPS,0.09,0.11,0.14,0.07,0.10,0.17,0.18,0.17,0.06,-0.11,-1.01
5169,DPS,—,—,—,—,—,—,—,—,—,—,—
5169,Div Payout,—,—,—,—,—,—,—,—,—,—,—
5169,Shares,433,412,381,375,387,390,398,369,102,102,102
5169,BVPS,0.95,1.14,0.94,0.95,0.87,0.77,0.60,0.33,-0.42,-0.51,-0.29
5169,OCF,-184,-137,117,-84,-22,30,-59,-56,13,68,-15
5169,FCF,-186,-143,51,-86,-57,-15,-61,-60,8,68,-19
5169,NP Margin,13.45,15.35,13.87,11.08,22.30,27.26,23.76,19.28,15.07,-30.29,-34.49
5169,ROE,8.19,11.17,12.93,8.27,12.70,25.11,40.43,63.89,143.32,—,—
5169,Revenue GR,-44.77,-14.93,42.39,45.16,-25.56,-19.15,-12.46,128.32,273.63,33.26,-53.94
5169,Revenue GR 3Y avg,—,20.70,15.45,-4.40,-19.23,17.35,95.47,124.85,31.88,-20.70,-30.97
5169,Revenue GR 5Y avg,—,1.14,1.72,11.79,35.06,51.75,35.60,33.59,10.37,-16.77,-19.18
5169,Revenue GR 10Y avg,—,17.11,16.57,11.08,6.03,10.75,—,—,—,—,—
5169,NP GR,—,6.55,-7.84,-25.87,-15.21,42.99,—,—,—,—,—
5169,NP GR 3Y avg,—,-7.33,-4.77,5.12,—,—,—,—,—,—,—
5169,NP GR 5Y avg,—,—,—,—,—,—,—,—,—,—,—
5169,NP GR 10Y avg,0.0,0.0,0.0,0.0,0.0,0.0,0.0,0.0,0.0,0.0,0.0
5169,EPS GR,-73.70,-12.59,75.32,-25.96,-38.82,-5.56,0.56,188.71,—,—,—
5169,EPS GR 3Y avg,—,4.30,-7.40,-24.65,-16.56,39.96,—,—,—,—,—
5169,EPS GR 5Y avg,—,-8.10,-5.49,4.43,—,—,—,—,—,—,—
5169,EPS GR 10Y avg,—,—,—,—,—,—,—,—,—,—,—
5169,OCF GR,—,—,—,—,—,—,—,—,-80.35,—,—
5169,FCF GR,—,—,—,—,—,—,—,—,-87.57,—,—
5169,D/E,0.76,0.77,0.40,0.54,0.50,0.26,0.27,0.17,—,—,—
5169,Price,0.4350,0.4650,0.5100,0.3150,0.5300,0.8200,1.0600,1.2600,1.2100,0.6900,0.5800
5170,Year End,TTM,2020-12,2019-12,2018-12,2017-12,2016-12,2015-12,2014-12,2013-12,2012-12,2011-12
5170,Revenue,581,604,783,790,"1,024","1,298","1,454",339,209,269,368
5170,NP,-28,-25,-86,-37,-34,19,39,26,1,6,16
5170,EPS,-0.09,-0.08,-0.27,-0.12,-0.11,0.06,0.12,0.09,—,0.03,0.08
5170,DPS,—,—,—,—,0.03,0.05,0.04,0.01,0.02,0.02,0.04
5170,Div Payout,—,—,—,—,—,59.7,20.5,192.3,202.2,57.7,—
5170,Shares,317,317,317,317,317,317,317,280,239,185,187
5170,BVPS,0.33,0.46,0.73,0.86,0.90,1.04,0.99,0.70,0.80,0.70,0.57
5170,OCF,102,20,14,29,103,-87,-42,-25,47,-8,-18
5170,FCF,99,16,6,23,95,-120,-53,-39,39,-13,-26
5170,NP Margin,-4.87,-4.17,-10.92,-4.75,-3.36,1.47,2.69,7.52,0.46,2.21,4.23
5170,ROE,-19.61,-17.04,-42.48,-14.20,-11.20,5.84,12.60,9.80,0.52,4.39,13.75
5170,Revenue GR,-14.58,-22.89,-0.83,-22.91,-21.08,-10.77,328.48,62.64,-22.29,-27.08,184.35
5170,Revenue GR 3Y avg,—,-16.15,-15.50,-18.42,44.50,83.89,75.61,-2.68,17.24,44.08,—
5170,Revenue GR 5Y avg,—,-16.13,18.19,30.49,30.70,28.65,62.21,30.47,—,—,—
5170,Revenue GR 10Y avg,—,16.64,24.18,—,—,—,—,—,—,—,—
5170,NP GR,—,—,—,—,—,170.16,87.47,17.95,-43.96,-9.79,—
5170,NP GR 3Y avg,—,—,—,—,—,4.18,48.07,25.82,—,—,—
5170,NP GR 5Y avg,—,—,—,—,—,—,—,—,—,—,—
5170,NP GR 10Y avg,0.0,0.0,0.0,0.0,0.0,0.0,0.0,0.0,0.0,0.0,0.0
5170,EPS GR,-576.47,—,—,—,—,-51.21,35.23,—,-87.22,-62.45,141.21
5170,EPS GR 3Y avg,—,—,—,—,—,147.03,58.06,3.12,-51.26,-17.32,—
5170,EPS GR 5Y avg,—,—,—,—,—,-6.27,29.03,10.54,—,—,—
5170,EPS GR 10Y avg,—,—,—,—,—,—,—,—,—,—,—
5170,OCF GR,—,39.98,-51.29,-72.01,—,—,—,—,—,—,—
5170,FCF GR,—,168.30,-75.27,-75.31,—,—,—,—,—,—,—
5170,D/E,0.56,0.54,0.53,0.56,0.48,0.55,0.44,0.32,0.01,0.21,—
5170,Price,0.4400,0.4950,0.3350,0.3200,0.7100,1.0400,1.7200,1.3900,1.5700,1.6400,1.9700
5172,Year End,TTM,2020-12,2019-12,2018-12,2017-12,2016-12,2015-12,2014-12,2013-12,2012-12,2011-12
5172,Revenue,119,133,203,254,303,301,301,301,329,498,"1,294"
5172,NP,-7,-6,-11,-67,-38,-92,-77,-42,-83,-27,88
5172,EPS,-0.01,-0.01,-0.03,-0.18,-0.13,-0.41,-0.29,-0.16,-0.31,-0.10,—
5172,DPS,—,—,—,—,—,—,—,—,—,—,0.03
5172,Div Payout,—,—,—,—,—,—,—,—,—,—,—
5172,Shares,474,454,403,519,288,266,266,266,266,266,266
5172,BVPS,0.06,0.05,0.07,0.14,0.25,0.46,0.68,0.67,0.73,0.79,1.74
5172,OCF,49,31,2,4,-1,-68,-29,-44,-30,-49,261
5172,FCF,49,31,2,4,-1,-79,-42,-44,-47,-77,234
5172,NP Margin,-5.98,-4.39,-5.39,-26.53,-12.53,-30.56,-25.52,-13.93,-25.09,-5.35,6.78
5172,ROE,-13.45,-13.82,-24.86,-105.84,-35.14,-50.68,-28.89,-12.87,-21.29,-3.99,9.61
5172,Revenue GR,-43.35,-34.19,-20.20,-16.26,0.69,-0.02,0.21,-8.61,-33.88,-61.52,-12.14
5172,Revenue GR 3Y avg,—,-23.95,-12.37,-5.54,0.29,-2.90,-15.40,-38.51,-39.31,-24.40,—
5172,Revenue GR 5Y avg,—,-15.04,-7.58,-5.04,-9.43,-25.28,-27.19,-23.55,—,—,—
5172,Revenue GR 10Y avg,—,-21.35,-15.95,—,—,—,—,—,—,—,—
5172,NP GR,—,—,—,—,—,—,—,—,—,—,—
5172,NP GR 3Y avg,—,—,—,—,—,—,—,—,—,—,—
5172,NP GR 5Y avg,—,—,—,—,—,—,—,—,—,—,—
5172,NP GR 10Y avg,0.0,0.0,0.0,0.0,0.0,0.0,0.0,0.0,0.0,0.0,0.0
5172,EPS GR,76.92,—,—,—,—,—,—,—,—,—,-84.90
5172,EPS GR 3Y avg,—,—,—,—,—,—,—,—,—,—,—
5172,EPS GR 5Y avg,—,—,—,—,—,—,—,—,—,—,—
5172,EPS GR 10Y avg,—,—,—,—,—,—,—,—,—,—,—
5172,OCF GR,—,—,-54.13,—,—,—,—,—,—,—,119.12
5172,FCF GR,—,—,-54.13,—,—,—,—,—,—,—,396.89
5172,D/E,0.41,—,1.08,0.95,0.68,—,—,—,—,—,—
5172,Price,0.1100,0.2550,0.0700,0.0850,0.1050,0.0500,0.0700,0.1300,0.1100,0.1500,0.2700
5173,Year End,TTM,2020-06,2019-06,2018-06,2017-06,2016-06,2015-06,2014-06,2013-06,2012-06,2011-06
5173,Revenue,509,543,580,570,590,642,883,"1,137",889,705,594
5173,NP,-15,-146,-87,24,5,8,5,7,3,41,75
5173,EPS,-0.01,-0.12,-0.07,0.02,—,0.01,—,0.01,—,0.05,0.06
5173,DPS,—,—,—,—,—,—,—,—,0.01,0.02,0.03
5173,Div Payout,—,—,—,—,—,—,—,—,—,40.1,—
5173,Shares,—,"1,170","1,174","1,196","1,200","1,200","1,200","1,200","1,200","1,200","1,200"
5173,BVPS,0.79,0.81,0.98,0.99,0.94,0.96,0.95,0.93,1.16,1.17,—
5173,OCF,103,82,79,195,215,115,229,135,44,36,109
5173,FCF,66,61,-20,50,86,27,142,91,-122,-251,-103
5173,NP Margin,-3.02,-26.92,-14.94,4.15,0.91,1.27,0.59,0.64,0.36,5.87,12.58
5173,ROE,-1.65,-14.77,-7.73,2.03,0.46,0.71,0.46,0.66,0.25,2.95,5.45
5173,Revenue GR,-1.27,-6.41,1.81,-3.37,-8.09,-27.33,-22.36,27.88,26.08,18.75,—
5173,Revenue GR 3Y avg,—,-2.72,-3.30,-13.58,-19.66,-10.31,7.77,24.17,40.45,—,—
5173,Revenue GR 5Y avg,—,-9.27,-12.59,-8.52,-3.52,1.56,22.43,—,—,—,—
5173,Revenue GR 10Y avg,—,5.40,—,—,—,—,—,—,—,—,—
5173,NP GR,—,—,—,66.08,-9.94,37.05,-50.02,-53.92,-72.49,—,—
5173,NP GR 3Y avg,—,—,—,49.41,-33.60,-35.75,-49.19,—,—,—,—
5173,NP GR 5Y avg,—,—,—,—,—,—,—,—,—,—,—
5173,NP GR 10Y avg,0.0,0.0,0.0,0.0,0.0,0.0,0.0,0.0,0.0,0.0,0.0
5173,EPS GR,-104.78,—,—,350.00,-35.29,58.14,-29.51,134.62,-91.33,-51.81,—
5173,EPS GR 3Y avg,—,—,—,66.37,-10.32,37.78,-47.67,-53.90,-77.64,—,—
5173,EPS GR 5Y avg,—,—,—,50.09,-31.88,-35.78,-54.98,—,—,—,—
5173,EPS GR 10Y avg,—,—,—,—,—,—,—,—,—,—,—
5173,OCF GR,—,3.64,-59.48,-9.12,87.50,-49.96,69.89,207.46,21.49,-66.89,—
5173,FCF GR,—,—,—,-42.22,222.76,-81.13,56.83,—,—,—,—
5173,D/E,0.06,0.08,0.07,0.05,0.09,0.12,0.20,0.28,0.36,0.26,0.17
5173,Price,0.3350,0.1850,0.3000,0.3300,0.2750,0.3300,0.4100,0.5150,0.4300,0.4100,0.6300
5175,Year End,TTM,2020-03,2019-03,2018-03,2017-03,2016-03,2015-03,2013-12,2012-12,2011-12,2010-12
5175,Revenue,64,63,161,238,373,423,270,316,212,133,163
5175,NP,-26,-19,—,11,9,11,24,15,32,24,36
5175,EPS,-0.05,-0.04,—,0.03,0.02,0.02,0.05,0.03,0.09,0.13,0.22
5175,DPS,—,—,0.03,—,—,—,—,—,—,—,—
5175,Div Payout,—,—,—,—,—,—,—,—,—,—,—
5175,Shares,490,490,490,490,477,446,446,446,364,186,160
5175,BVPS,0.78,0.83,0.86,0.94,0.92,0.92,0.88,—,—,—,—
5175,OCF,-59,-28,-69,10,71,149,15,32,-38,7,-12
5175,FCF,-59,-29,-73,7,70,147,12,6,-53,-5,-16
5175,NP Margin,-40.73,-30.97,0.29,4.43,2.46,2.49,8.70,4.81,15.11,18.46,21.85
5175,ROE,-6.61,-4.80,0.11,2.34,2.13,2.58,5.99,4.10,11.02,11.99,23.46
5175,Revenue GR,635.62,-61.06,-32.48,-36.22,-11.86,56.56,-11.91,49.55,59.66,-18.86,—
5175,Revenue GR 3Y avg,—,-44.86,-27.60,-4.17,5.18,23.76,24.51,24.66,20.94,—,—
5175,Revenue GR 5Y avg,—,-25.38,-12.13,2.25,21.77,19.86,16.79,—,—,—,—
5175,Revenue GR 10Y avg,—,-6.13,—,—,—,—,—,—,—,—,—
5175,NP GR,—,—,-64.59,-23.48,-14.49,-28.93,-1.21,-24.71,24.92,—,—
5175,NP GR 3Y avg,—,—,-48.49,-19.07,-17.06,-20.72,7.10,—,—,—,—
5175,NP GR 5Y avg,—,—,—,—,—,—,—,—,—,—,—
5175,NP GR 10Y avg,0.0,0.0,0.0,0.0,0.0,0.0,0.0,0.0,0.0,0.0,0.0
5175,EPS GR,-247.37,—,-95.35,11.98,-18.99,-55.11,41.68,-61.05,-33.23,-40.90,—
5175,EPS GR 3Y avg,—,—,-65.19,-25.88,-16.28,-33.17,-24.48,-46.43,-9.15,—,—
5175,EPS GR 5Y avg,—,—,-48.98,-23.51,-30.67,-34.71,-14.08,—,—,—,—
5175,EPS GR 10Y avg,—,—,—,—,—,—,—,—,—,—,—
5175,OCF GR,—,—,—,-86.38,-52.47,883.24,-44.49,—,—,—,—
5175,FCF GR,—,—,—,-89.41,-52.44,—,69.39,—,—,—,—
5175,D/E,0.20,0.09,0.10,0.10,0.20,0.50,0.62,0.72,0.46,0.58,0.35
5175,Price,0.1800,0.1800,0.1200,0.2000,0.2700,0.5700,0.3600,0.4000,0.5900,0.4900,0.9900
5178,Year End,TTM,2020-11,2018-05,2017-05,2016-05,2014-12,2013-12,2012-12,2011-12,2010-12,2009-12
5178,Revenue,45,59,62,84,212,252,228,291,312,315,220
5178,NP,-19,-18,-6,-3,-47,-17,-29,-31,3,-2,7
5178,EPS,-0.03,-0.03,-0.04,-0.02,-0.32,-0.15,-0.29,-0.30,0.02,-0.02,0.09
5178,DPS,—,—,—,—,—,—,—,—,—,—,—
5178,Div Payout,—,—,—,—,—,—,—,—,—,—,—
5178,Shares,598,607,156,155,145,112,153,155,155,95,85
5178,BVPS,0.05,0.07,—,—,—,—,—,—,—,—,—
5178,OCF,11,4,-3,-8,32,38,20,25,26,19,—
5178,FCF,-6,-13,-3,-8,31,34,—,-9,-14,1,—
5178,NP Margin,-41.80,-30.76,-9.78,-3.57,-22.26,-6.62,-12.88,-10.68,1.01,-0.52,3.36
5178,ROE,-47.15,-44.53,-27.86,-12.86,-189.80,-29.36,-37.25,-28.79,2.56,-1.38,6.49
5178,Revenue GR,-65.64,-2.03,-26.06,-60.23,-11.39,10.58,-21.83,-6.72,-0.92,—,—
5178,Revenue GR 3Y avg,—,-24.66,-33.53,-25.22,-8.86,-6.93,-10.27,9.78,—,—,—
5178,Revenue GR 5Y avg,—,-17.67,-24.76,-21.45,-7.04,2.72,—,—,—,—,—
5178,Revenue GR 10Y avg,—,—,—,—,—,—,—,—,—,—,—
5178,NP GR,—,—,—,—,—,—,—,—,—,—,—
5178,NP GR 3Y avg,—,—,—,—,—,—,—,—,—,—,—
5178,NP GR 5Y avg,—,—,—,—,—,—,—,—,—,—,—
5178,NP GR 10Y avg,0.0,0.0,0.0,0.0,0.0,0.0,0.0,0.0,0.0,0.0,0.0
5178,EPS GR,53.33,—,—,—,—,—,—,—,—,—,—
5178,EPS GR 3Y avg,—,—,—,—,—,—,—,—,—,—,—
5178,EPS GR 5Y avg,—,—,—,—,—,—,—,—,—,—,—
5178,EPS GR 10Y avg,—,—,—,—,—,—,—,—,—,—,—
5178,OCF GR,—,—,—,—,-11.72,90.69,-19.54,-6.65,40.70,—,—
5178,FCF GR,—,—,—,—,-6.48,—,—,—,—,—,—
5178,D/E,0.51,0.52,0.97,1.07,1.28,0.88,0.72,0.52,0.23,0.24,0.26
5178,Price,0.1300,0.1000,0.0800,0.1450,0.1250,0.1900,0.1400,0.1650,0.2500,0.3100,0.4100
5182,Year End,TTM,2020-12,2019-12,2018-06,2017-06,2016-06,2015-06,2013-12,2012-12,2011-12,2010-12
5182,Revenue,500,462,459,436,623,655,620,—,370,344,308
5182,NP,11,10,46,79,64,77,64,76,25,20,21
5182,EPS,0.01,0.01,0.02,0.11,0.05,0.06,0.06,12.84,4.24,3.31,3.75
5182,DPS,—,—,—,—,—,0.02,0.80,—,2.40,1.60,—
5182,Div Payout,—,—,—,—,—,—,—,—,56.5,—,—
5182,Shares,"1,457","1,457","1,457","1,367","1,339","1,356","1,105",6,6,6,6
5182,BVPS,0.60,0.59,0.62,—,—,—,—,25.48,35.91,32.37,32.37
5182,OCF,137,157,-16,187,39,-137,152,2,36,34,22
5182,FCF,128,147,-32,177,6,-183,107,2,29,-1,-6
5182,NP Margin,2.26,2.15,10.03,18.06,10.22,11.81,10.26,—,6.76,5.68,6.80
5182,ROE,1.29,1.12,5.27,9.58,8.47,11.15,18.80,41.71,12.12,9.97,11.30
5182,Revenue GR,72.72,0.74,—,-29.94,-4.88,5.69,—,—,7.65,11.62,—
5182,Revenue GR 3Y avg,—,2.34,-11.48,-11.03,—,17.69,18.31,—,13.17,—,—
5182,Revenue GR 5Y avg,—,-7.43,-6.44,3.03,11.40,14.68,17.48,—,—,—,—
5182,Revenue GR 10Y avg,—,4.14,6.03,—,—,—,—,—,—,—,—
5182,NP GR,—,-56.20,-12.14,7.43,-4.81,38.07,40.07,53.37,17.72,—,—
5182,NP GR 3Y avg,—,-36.56,-6.91,23.20,23.94,26.78,29.50,—,—,—,—
5182,NP GR 5Y avg,—,-7.18,11.61,—,—,—,—,—,—,—,—
5182,NP GR 10Y avg,0.0,0.0,0.0,0.0,0.0,0.0,0.0,0.0,0.0,0.0,0.0
5182,EPS GR,-211.09,-78.48,—,21.26,-18.10,0.87,-97.31,202.26,28.26,-11.73,—
5182,EPS GR 3Y avg,—,-57.36,-15.02,0.06,-79.82,-70.69,-68.61,50.70,-17.88,—,—
5182,EPS GR 5Y avg,—,-37.85,-12.44,-54.26,-53.77,-53.14,-58.93,—,—,—,—
5182,EPS GR 10Y avg,—,-46.81,-42.26,—,—,—,—,—,—,—,—
5182,OCF GR,—,—,—,378.18,—,—,—,-93.55,4.88,55.48,—
5182,FCF GR,—,—,—,—,—,—,—,-91.94,—,—,—
5182,D/E,—,—,0.01,0.20,0.23,0.24,0.29,—,—,0.05,—
5182,Price,0.2950,0.2100,0.3100,0.7450,0.8000,0.8100,0.9200,1.1900,1.2500,0.6300,0.7150
5184,Year End,TTM,2020-10,2019-10,2018-10,2017-10,2016-10,2015-10,2014-10,2013-10,2012-10,2011-10
5184,Revenue,300,304,377,338,302,283,252,237,221,196,162
5184,NP,71,71,91,70,58,52,44,40,36,26,20
5184,EPS,0.13,0.15,0.20,0.20,0.15,0.14,0.14,0.14,0.14,0.10,0.09
5184,DPS,—,—,0.03,0.04,0.03,0.03,0.03,0.03,0.03,0.03,0.02
5184,Div Payout,—,—,24.7,21.6,27.9,26.7,24.9,22.2,21.1,23.9,19.3
5184,Shares,479,477,462,413,387,375,315,287,260,245,223
5184,BVPS,2.21,1.67,1.51,1.39,1.25,1.13,0.93,0.84,0.76,0.64,0.48
5184,OCF,-198,-213,-89,-42,-2,30,74,32,122,-40,3
5184,FCF,-360,-329,-142,-131,-132,-110,-27,-79,9,-132,-2
5184,NP Margin,21.73,23.25,24.23,20.84,19.09,18.28,17.28,16.85,16.28,13.06,12.44
5184,ROE,7.02,8.29,13.00,12.19,12.16,12.40,12.81,15.81,19.31,19.83,20.85
5184,Revenue GR,13.48,-19.31,11.50,12.00,6.63,12.34,6.27,7.40,12.70,21.22,-9.02
5184,Revenue GR 3Y avg,—,0.26,10.02,10.29,8.38,8.64,8.75,13.63,7.52,27.69,—
5184,Revenue GR 5Y avg,—,3.84,9.71,8.89,9.03,11.86,7.24,20.31,—,—,—
5184,Revenue GR 10Y avg,—,5.52,14.89,—,—,—,—,—,—,—,—
5184,NP GR,—,7.06,20.85,17.40,12.98,12.91,19.38,25.75,20.98,39.42,—
5184,NP GR 3Y avg,—,10.19,17.98,14.40,17.63,20.82,16.49,33.45,—,—,—
5184,NP GR 5Y avg,—,13.30,25.47,—,—,—,—,—,—,—,—
5184,NP GR 10Y avg,0.0,0.0,0.0,0.0,0.0,0.0,0.0,0.0,0.0,0.0,0.0
5184,EPS GR,-20.05,-26.23,15.95,14.42,8.08,-0.39,-0.53,0.77,31.95,15.98,-20.47
5184,EPS GR 3Y avg,—,-0.71,12.77,7.20,2.31,-0.05,9.77,15.53,6.77,9.95,—
5184,EPS GR 5Y avg,—,1.05,7.28,4.31,7.33,8.85,4.06,12.06,—,—,—
5184,EPS GR 10Y avg,—,2.54,9.65,—,—,—,—,—,—,—,—
5184,OCF GR,—,—,—,—,—,-60.01,132.34,-73.82,—,—,—
5184,FCF GR,—,—,—,—,—,—,—,—,—,—,—
5184,D/E,0.95,1.05,1.31,0.73,0.88,0.74,0.52,0.59,0.81,0.56,0.01
5184,Price,1.3200,0.8100,1.4000,2.5400,2.6500,2.2300,1.7600,2.6000,2.1200,1.5900,1.6000
5186,Year End,TTM,2020-12,2019-12,2018-12,2017-12,2016-12,2015-12,2014-12,2013-12,2012-12,2011-03
5186,Revenue,"1,564","1,567","1,010",974,956,"1,191","2,459","2,701","2,885","3,330","4,435"
5186,NP,-507,-397,-34,-123,34,-134,44,130,236,242,451
5186,EPS,-0.32,-0.24,-0.02,-0.08,0.02,-0.08,0.03,0.08,0.15,0.02,0.31
5186,DPS,—,—,—,0.03,—,—,—,0.05,0.10,0.10,—
5186,Div Payout,—,—,—,—,—,—,—,37.1,68.3,66.1,—
5186,Shares,"1,600","1,600","1,600","1,600","1,600","1,600","1,600","1,600","1,600","1,600","1,448"
5186,BVPS,1.17,1.24,1.48,1.52,1.58,1.66,1.69,1.64,1.55,1.57,—
5186,OCF,133,136,123,63,70,-107,675,245,-294,-413,—
5186,FCF,-46,-94,-69,-89,10,-229,523,67,-425,-748,—
5186,NP Margin,-32.44,-25.33,-3.39,-12.59,3.58,-11.27,1.78,4.81,8.20,7.27,—
5186,ROE,-23.79,-18.31,-1.43,-4.92,1.34,-5.15,1.65,4.98,9.29,9.82,—
5186,Revenue GR,-0.83,55.19,3.61,1.88,-19.72,-51.55,-8.94,-6.38,-13.37,—,—
5186,Revenue GR 3Y avg,—,17.88,-5.37,-26.55,-29.25,-25.53,-9.61,—,-14.45,-19.94,—
5186,Revenue GR 5Y avg,—,-8.62,-17.86,-19.51,-22.08,—,-11.66,-15.88,-6.75,14.59,—
5186,Revenue GR 10Y avg,—,-10.11,-16.90,-13.52,-5.96,—,—,—,—,—,—
5186,NP GR,—,—,—,—,-35.89,—,-43.40,—,-20.87,-5.06,—
5186,NP GR 3Y avg,—,—,—,—,-32.37,—,-38.72,-14.86,-3.37,4.94,—
5186,NP GR 5Y avg,—,—,—,—,-16.21,—,—,—,—,—,—
5186,NP GR 10Y avg,0.0,0.0,0.0,0.0,0.0,0.0,0.0,0.0,0.0,0.0,0.0
5186,EPS GR,—,—,—,—,—,—,-66.26,-45.06,-2.31,—,—
5186,EPS GR 3Y avg,—,—,—,—,-35.89,—,-43.42,—,-23.68,-11.11,—
5186,EPS GR 5Y avg,—,—,—,—,-32.37,—,-40.01,-18.05,-3.37,4.95,—
5186,EPS GR 10Y avg,—,—,—,—,-16.21,—,—,—,—,—,—
5186,OCF GR,—,10.46,96.08,-10.23,—,—,175.00,—,—,—,—
5186,FCF GR,—,—,—,—,—,—,676.49,—,—,—,—
5186,D/E,0.13,0.12,0.08,0.02,—,—,—,—,—,—,—
5186,Price,0.6500,0.4500,0.8700,0.5450,0.8250,0.9150,1.0000,1.7800,3.5000,4.4000,5.6600
5187,Year End,TTM,2020-12,2019-12,2018-12,2017-12,2016-12,2015-12,2014-12,2013-12,2012-12,2011-12
5187,Revenue,109,98,157,164,168,145,270,272,378,596,"1,661"
5187,NP,-28,-45,17,18,22,-25,-363,-43,-43,29,432
5187,EPS,-0.06,-0.10,0.03,0.04,0.05,-0.05,-0.78,-0.09,-0.09,-0.06,0.47
5187,DPS,—,—,—,—,—,—,—,—,—,0.08,0.04
5187,Div Payout,—,—,—,—,—,—,—,—,—,125.3,—
5187,Shares,562,468,468,468,468,468,468,468,468,468,468
5187,BVPS,0.38,0.42,0.42,0.40,0.38,0.39,0.87,0.85,0.92,0.87,1.50
5187,OCF,-10,1,43,5,25,8,-95,-35,8,50,393
5187,FCF,-10,—,19,3,22,3,-96,-98,-145,-54,155
5187,NP Margin,-25.55,-46.27,10.69,11.19,13.18,-17.14,-134.37,-16.00,-11.32,4.86,25.99
5187,ROE,-8.41,-14.22,5.06,5.82,7.50,-8.40,-72.77,-6.11,-5.47,2.32,28.20
5187,Revenue GR,73.61,-37.85,-3.87,-2.31,15.54,-46.29,-0.54,-28.10,-36.58,-64.14,-7.17
5187,Revenue GR 3Y avg,—,-16.43,2.75,-15.37,-14.86,-27.31,-23.17,-45.31,-40.45,-21.42,—
5187,Revenue GR 5Y avg,—,-18.38,-10.33,-15.39,-22.40,-38.58,-31.48,-26.04,—,—,—
5187,Revenue GR 10Y avg,—,-25.22,-18.56,—,—,—,—,—,—,—,—
5187,NP GR,—,—,—,—,—,—,—,—,—,-54.63,—
5187,NP GR 3Y avg,—,—,—,—,-5.24,—,—,—,—,—,—
5187,NP GR 5Y avg,—,—,-25.27,—,—,—,—,—,—,—,—
5187,NP GR 10Y avg,0.0,0.0,0.0,0.0,0.0,0.0,0.0,0.0,0.0,0.0,0.0
5187,EPS GR,-161.47,—,-8.16,-16.95,—,—,—,—,—,-93.36,-28.68
5187,EPS GR 3Y avg,—,—,—,—,—,—,—,—,—,-60.89,—
5187,EPS GR 5Y avg,—,—,—,—,-5.25,—,—,—,—,—,—
5187,EPS GR 10Y avg,—,—,-28.51,—,—,—,—,—,—,—,—
5187,OCF GR,—,-98.52,813.22,-81.07,216.08,—,—,—,-84.07,-87.22,-12.01
5187,FCF GR,—,—,620.05,-87.73,598.44,—,—,—,—,—,-64.92
5187,D/E,—,—,—,—,0.01,0.06,0.05,0.03,0.02,0.01,0.01
5187,Price,0.2550,0.1450,0.0650,0.0550,0.0900,0.0350,0.0650,0.0550,0.1450,0.2600,0.5100
5188,Year End,TTM,2020-12,2019-12,2018-12,2017-12,2016-12,2015-12,2014-12,2013-12,2012-12,2011-12
5188,Revenue,20,20,22,14,14,14,13,11,36,156,394
5188,NP,-16,-16,—,-18,-2,-37,-25,-182,-94,—,56
5188,EPS,-0.02,-0.02,—,-0.03,—,-0.06,-0.04,-0.27,-0.13,—,0.08
5188,DPS,—,—,—,—,—,—,—,—,—,—,0.06
5188,Div Payout,—,—,—,—,—,—,—,—,—,—,—
5188,Shares,668,668,668,668,668,668,668,668,668,668,668
5188,BVPS,0.18,0.19,0.18,0.21,0.21,0.25,0.27,0.19,0.24,0.41,0.41
5188,OCF,5,3,4,-15,6,-27,-24,-34,-109,101,-51
5188,FCF,5,3,4,-16,5,-27,-24,-34,-110,97,-123
5188,NP Margin,-78.22,-77.75,1.18,-123.99,-13.70,-270.10,-195.16,—,-244.44,-0.11,14.32
5188,ROE,-7.95,-8.06,0.13,-7.98,-0.82,-14.85,-8.95,-47.07,-17.10,-0.03,10.11
5188,Revenue GR,-27.85,-6.12,52.84,1.44,1.95,6.56,17.43,-69.75,-76.53,-60.55,-12.08
5188,Revenue GR 3Y avg,—,13.33,16.49,3.29,8.46,-27.66,-56.31,-69.63,-56.66,-25.46,—
5188,Revenue GR 5Y avg,—,9.60,14.61,-17.10,-38.14,-48.84,-50.77,-50.61,—,—,—
5188,Revenue GR 10Y avg,—,-26.55,-24.76,—,—,—,—,—,—,—,—
5188,NP GR,—,—,—,—,—,—,—,—,—,—,—
5188,NP GR 3Y avg,—,—,—,—,—,—,—,—,—,—,—
5188,NP GR 5Y avg,—,—,-46.16,—,—,—,—,—,—,—,—
5188,NP GR 10Y avg,0.0,0.0,0.0,0.0,0.0,0.0,0.0,0.0,0.0,0.0,0.0
5188,EPS GR,-25.00,—,—,—,—,—,—,—,—,—,-60.50
5188,EPS GR 3Y avg,—,—,—,—,—,—,—,—,—,—,—
5188,EPS GR 5Y avg,—,—,—,—,—,—,—,—,—,—,—
5188,EPS GR 10Y avg,—,—,-48.50,—,—,—,—,—,—,—,—
5188,OCF GR,—,-41.78,—,—,—,—,—,—,—,—,—
5188,FCF GR,—,-41.78,—,—,—,—,—,—,—,—,—
5188,D/E,—,—,—,—,—,—,—,—,—,—,—
5188,Price,0.0550,0.0600,0.0350,0.0350,0.1250,0.0300,0.0500,0.0800,0.0800,0.1100,0.2300
5190,Year End,TTM,2020-12,2018-06,2017-06,2016-06,2015-06,2014-06,2013-06,2012-06,2011-06,2010-06
5190,Revenue,159,161,116,268,323,181,211,266,156,211,309
5190,NP,-63,-68,—,10,17,8,7,57,83,96,86
5190,EPS,-0.07,-0.08,—,0.01,0.02,0.01,0.01,0.07,0.11,0.14,0.14
5190,DPS,—,—,—,0.01,—,—,0.02,0.03,0.02,—,—
5190,Div Payout,—,—,56.3,45.5,16.1,—,61.5,36.1,14.4,—,—
5190,Shares,849,849,799,799,799,800,806,805,772,669,613
5190,BVPS,0.56,—,0.75,0.78,0.76,0.70,0.71,0.68,0.62,—,—
5190,OCF,25,30,7,24,-16,1,106,-65,-14,2,—
5190,FCF,25,30,4,15,-55,-22,102,-67,-24,-27,—
5190,NP Margin,-39.77,-42.08,-0.15,3.61,5.30,4.68,3.37,21.35,53.04,45.54,27.89
5190,ROE,-12.42,-13.09,-0.03,1.57,2.84,1.49,1.30,10.60,19.16,38.42,56.12
5190,Revenue GR,-5.29,13.86,-56.63,-16.98,78.95,-14.44,-20.62,70.56,-26.12,—,—
5190,Revenue GR 3Y avg,—,-14.31,-13.63,8.32,6.72,5.02,0.01,-4.85,—,—,—
5190,Revenue GR 5Y avg,—,-4.07,-15.24,11.47,8.90,-10.17,—,—,—,—,—
5190,Revenue GR 10Y avg,—,—,—,—,—,—,—,—,—,—,—
5190,NP GR,—,—,—,10.84,-32.93,-53.23,-58.00,-12.96,—,—,—
5190,NP GR 3Y avg,—,—,—,-34.87,-29.18,-37.12,—,—,—,—,—
5190,NP GR 5Y avg,—,—,—,—,—,—,—,—,—,—,—
5190,NP GR 10Y avg,0.0,0.0,0.0,0.0,0.0,0.0,0.0,0.0,0.0,0.0,0.0
5190,EPS GR,-34.67,—,—,-43.46,101.89,20.45,-87.52,-35.91,-23.40,—,—
5190,EPS GR 3Y avg,—,—,—,11.20,-32.79,-54.15,-60.57,-20.50,—,—,—
5190,EPS GR 5Y avg,—,—,—,-35.69,-31.66,-40.34,—,—,—,—,—
5190,EPS GR 10Y avg,—,—,—,—,—,—,—,—,—,—,—
5190,OCF GR,—,77.54,-69.49,—,—,-99.02,—,—,—,—,—
5190,FCF GR,—,125.21,-73.28,—,—,—,—,—,—,—,—
5190,D/E,0.15,0.15,0.29,0.28,0.25,0.26,0.01,0.02,0.06,0.13,0.22
5190,Price,0.1450,0.1500,0.1350,0.1650,0.2550,0.4200,0.4950,0.5750,1.1300,1.3400,1.1600
5192,Year End,TTM,2020-12,2019-12,2018-12,2017-12,2016-12,2015-12,2014-12,2013-12,2012-12,2011-12
5192,Revenue,119,106,107,107,123,102,97,99,93,83,71
5192,NP,1,-1,-2,1,5,4,2,4,13,2,3
5192,EPS,0.01,-0.01,-0.02,0.01,0.06,0.04,0.02,0.05,0.14,0.02,0.03
5192,DPS,—,—,0.01,0.02,0.01,0.01,0.02,0.01,0.01,0.02,0.03
5192,Div Payout,—,—,454.5,49.6,32.6,27.0,109.3,19.8,7.4,91.7,—
5192,Shares,101,96,96,96,96,96,96,96,96,96,96
5192,BVPS,0.77,0.75,0.83,0.83,0.81,0.78,0.76,0.76,0.75,0.63,0.52
5192,OCF,-1,2,10,—,—,6,1,2,2,-5,—
5192,FCF,-4,1,9,-1,—,6,—,1,—,-5,-1
5192,NP Margin,0.91,-0.94,-1.88,0.95,4.44,3.73,1.95,4.46,14.18,2.51,3.91
5192,ROE,1.31,-1.26,-2.57,1.27,6.98,5.09,2.58,6.03,19.79,3.46,5.01
5192,Revenue GR,57.58,-1.50,0.66,-13.36,20.58,5.38,-1.64,6.18,11.41,18.16,-14.99
5192,Revenue GR 3Y avg,—,-4.94,1.69,3.26,7.72,3.25,5.18,11.81,3.82,1.32,—
5192,Revenue GR 5Y avg,—,1.77,1.74,2.83,8.14,7.70,3.17,4.24,—,—,—
5192,Revenue GR 10Y avg,—,2.47,2.98,—,—,—,—,—,—,—,—
5192,NP GR,—,—,—,-18.59,7.57,-33.87,-3.33,16.85,25.56,-33.04,—
5192,NP GR 3Y avg,—,—,—,-40.07,21.26,6.66,-22.28,-8.75,—,—,—
5192,NP GR 5Y avg,—,—,—,—,—,—,—,—,—,—,—
5192,NP GR 10Y avg,0.0,0.0,0.0,0.0,0.0,0.0,0.0,0.0,0.0,0.0,0.0
5192,EPS GR,-333.33,—,—,-81.40,43.58,101.52,-56.99,-66.62,529.36,-24.04,-67.27
5192,EPS GR 3Y avg,—,—,—,-18.66,7.56,-33.86,-3.32,16.86,16.09,-38.28,—
5192,EPS GR 5Y avg,—,—,—,-40.08,21.19,6.70,-25.82,-13.15,—,—,—
5192,EPS GR 10Y avg,—,—,—,—,—,—,—,—,—,—,—
5192,OCF GR,—,-78.88,—,-18.59,-93.16,609.79,-57.44,20.94,—,—,—
5192,FCF GR,—,-88.00,—,—,—,—,-70.98,358.43,—,—,—
5192,D/E,0.02,0.03,0.03,0.03,0.02,0.02,0.01,0.03,0.02,0.02,0.01
5192,Price,0.6250,0.5850,0.4200,0.3000,0.4050,0.3850,0.3900,0.5050,0.3900,0.3300,0.4500
5198,Year End,TTM,2020-12,2019-12,2018-12,2017-12,2016-12,2015-12,2014-12,2013-12,2012-12,2011-12
5198,Revenue,89,87,111,112,100,100,112,111,125,134,—
5198,NP,2,2,2,4,6,4,3,5,7,7,—
5198,EPS,0.01,0.01,0.01,0.02,0.04,0.02,0.02,0.03,0.04,0.04,—
5198,DPS,—,—,—,—,—,—,—,—,—,—,—
5198,Div Payout,—,—,—,—,—,—,—,—,—,—,—
5198,Shares,180,180,180,180,180,180,180,180,167,157,—
5198,BVPS,0.90,0.90,0.88,0.86,0.83,0.80,0.78,0.77,0.73,—,—
5198,OCF,29,33,20,-5,5,11,1,10,13,11,—
5198,FCF,11,10,15,-11,-4,-5,-6,6,5,6,—
5198,NP Margin,2.56,2.59,1.67,3.74,6.36,3.54,2.61,4.47,5.55,5.00,—
5198,ROE,1.42,1.40,1.17,2.69,4.23,2.44,2.05,3.60,5.53,5.81,—
5198,Revenue GR,9.83,-21.20,-1.16,11.90,-0.20,-10.07,0.12,-11.07,-6.69,—,—
5198,Revenue GR 3Y avg,—,-4.48,3.35,0.14,-3.50,-7.14,-5.99,—,—,—,—
5198,Revenue GR 5Y avg,—,-4.79,-0.12,-2.21,-5.70,—,—,—,—,—,—
5198,Revenue GR 10Y avg,—,—,—,—,—,—,—,—,—,—,—
5198,NP GR,—,-29.16,-19.45,12.89,8.52,-20.08,-24.29,—,—,—,—
5198,NP GR 3Y avg,—,-4.91,-17.94,-9.63,-1.05,—,—,—,—,—,—
5198,NP GR 5Y avg,—,—,—,—,—,—,—,—,—,—,—
5198,NP GR 10Y avg,0.0,0.0,0.0,0.0,0.0,0.0,0.0,0.0,0.0,0.0,0.0
5198,EPS GR,-4.00,22.33,-55.79,-34.18,79.70,21.60,-41.52,-33.25,-2.81,—,—
5198,EPS GR 3Y avg,—,-29.13,-19.44,12.88,8.52,-21.99,-27.61,—,—,—,—
5198,EPS GR 5Y avg,—,-4.90,-17.95,-10.90,-3.68,—,—,—,—,—,—
5198,EPS GR 10Y avg,—,—,—,—,—,—,—,—,—,—,—
5198,OCF GR,—,63.11,—,—,-49.33,—,-91.95,-18.88,15.26,—,—
5198,FCF GR,—,-28.19,—,—,—,—,—,9.85,-12.71,—,—
5198,D/E,0.02,0.03,0.06,0.08,0.08,0.10,0.11,—,0.03,0.06,—
5198,Price,0.4200,0.4450,0.5000,0.5000,0.4800,0.4450,0.4000,0.5200,0.5700,0.0000,0.0
5202,Year End,TTM,2020-12,2019-12,2018-12,2017-12,2016-12,2015-12,2014-12,2013-12,2012-12,2011-12
5202,Revenue,"2,189","2,184","2,007","2,215","2,656","2,658","2,307","2,281","2,056","2,027","2,300"
5202,NP,-5,-71,-300,36,-33,121,275,257,255,202,263
5202,EPS,-0.01,-0.10,-0.43,0.05,-0.05,0.17,0.39,0.37,0.36,0.29,0.41
5202,DPS,—,—,—,—,0.04,0.24,0.26,0.24,0.21,0.19,0.08
5202,Div Payout,—,—,—,—,—,109.1,34.1,114.9,49.7,66.1,—
5202,Shares,703,703,703,703,703,703,703,703,703,703,641
5202,BVPS,2.30,2.17,2.41,2.81,2.73,2.91,2.93,2.66,2.70,2.49,2.04
5202,OCF,202,242,306,286,-46,305,-91,240,330,66,367
5202,FCF,175,220,280,-44,-599,95,-318,168,246,32,336
5202,NP Margin,-0.24,-3.26,-14.94,1.61,-1.23,4.54,11.93,11.27,12.39,9.97,11.45
5202,ROE,-0.33,-4.40,-16.56,1.83,-1.66,6.00,13.83,13.52,14.13,11.78,16.93
5202,Revenue GR,0.80,8.85,-9.41,-16.59,-0.09,15.22,1.13,10.95,1.45,-11.86,6.04
5202,Revenue GR 3Y avg,—,-6.31,-8.95,-1.34,5.20,8.94,4.41,-0.26,-1.76,7.24,25.83
5202,Revenue GR 5Y avg,—,-1.09,-2.53,1.50,5.56,2.94,1.25,6.78,12.24,—,—
5202,Revenue GR 10Y avg,—,0.07,2.02,6.74,—,—,—,—,—,—,—
5202,NP GR,—,—,—,-49.43,—,-22.03,10.87,-0.81,3.03,-5.22,29.17
5202,NP GR 3Y avg,—,—,—,-32.53,—,-14.45,3.40,1.61,15.82,—,—
5202,NP GR 5Y avg,—,—,—,-11.60,—,—,—,—,—,—,—
5202,NP GR 10Y avg,0.0,0.0,0.0,0.0,0.0,0.0,0.0,0.0,0.0,0.0,0.0
5202,EPS GR,-189.68,—,—,—,—,-56.15,7.11,0.91,26.06,-30.06,24.04
5202,EPS GR 3Y avg,—,—,—,-49.41,—,-22.03,10.86,-3.82,3.03,-5.22,33.21
5202,EPS GR 5Y avg,—,—,—,-32.52,—,-16.01,3.40,1.61,15.82,—,—
5202,EPS GR 10Y avg,—,—,—,-11.59,—,—,—,—,—,—,—
5202,OCF GR,—,-20.64,6.84,—,—,—,—,-27.23,396.78,-81.91,173.18
5202,FCF GR,—,-21.44,—,—,—,—,—,-31.81,680.76,-90.60,207.67
5202,D/E,0.32,0.33,0.37,0.28,0.19,0.09,—,—,—,—,—
5202,Price,1.8300,0.5700,0.8800,2.6000,4.1000,5.0500,4.9600,4.9500,5.0000,4.7500,4.8800
5204,Year End,TTM,2020-06,2017-12,2016-12,2015-12,2014-12,2013-12,2012-12,2011-12,2010-12,2009-12
5204,Revenue,165,154,220,132,115,79,120,110,112,59,—
5204,NP,3,-17,18,9,17,20,42,37,34,15,—
5204,EPS,—,-0.03,—,0.02,0.03,0.04,0.08,0.07,0.07,0.03,—
5204,DPS,—,—,0.03,0.03,0.03,0.04,0.05,0.04,0.02,—,—
5204,Div Payout,—,170.0,—,—,—,—,—,—,—,—,—
5204,Shares,787,568,567,568,568,544,517,517,488,458,—
5204,BVPS,0.23,0.16,—,—,—,—,—,—,—,—,—
5204,OCF,-28,-17,-7,-1,3,16,35,42,26,10,—
5204,FCF,-28,-17,-37,-3,-1,13,33,39,26,10,—
5204,NP Margin,2.08,-11.15,8.30,6.73,14.92,25.66,35.18,33.82,30.08,25.83,—
5204,ROE,2.46,-16.01,11.20,5.38,10.19,15.21,47.62,50.86,70.31,52.10,—
5204,Revenue GR,-8.82,-13.22,66.20,14.37,46.49,-34.06,8.60,-1.57,91.11,—,—
5204,Revenue GR 3Y avg,—,6.61,40.69,3.38,1.61,-11.00,26.89,—,—,—,—
5204,Revenue GR 5Y avg,—,3.98,14.80,3.38,14.56,—,—,—,—,—,—
5204,Revenue GR 10Y avg,—,—,—,—,—,—,—,—,—,—,—
5204,NP GR,—,—,-3.44,-40.45,-22.66,-15.60,40.65,—,—,—,—
5204,NP GR 3Y avg,—,—,-13.33,-23.38,2.65,—,—,—,—,—,—
5204,NP GR 5Y avg,—,—,—,—,—,—,—,—,—,—,—
5204,NP GR 10Y avg,0.0,0.0,0.0,0.0,0.0,0.0,0.0,0.0,0.0,0.0,0.0
5204,EPS GR,-114.39,—,104.89,-48.31,-18.54,-54.29,13.00,4.51,108.63,—,—
5204,EPS GR 3Y avg,—,—,-4.80,-42.26,-25.06,-18.58,35.06,—,—,—,—
5204,EPS GR 5Y avg,—,—,-14.93,-25.64,-1.71,—,—,—,—,—,—
5204,EPS GR 10Y avg,—,—,—,—,—,—,—,—,—,—,—
5204,OCF GR,—,—,—,—,-84.07,-53.32,-16.99,58.46,171.39,—,—
5204,FCF GR,—,—,—,—,—,-60.42,-15.71,47.98,171.39,—,—
5204,D/E,0.11,0.23,0.13,—,—,—,0.01,0.02,0.03,0.12,—
5204,Price,1.1400,0.4000,0.4100,1.0800,1.5200,2.0600,2.9700,1.4400,2.8800,1.1100,0.7250
5205,Year End,TTM,2020-12,2019-12,2018-12,2017-12,2016-12,2015-12,2014-12,2013-12,2012-12,2011-12
5205,Revenue,"1,196","1,113","1,559","1,706","1,830","1,582","1,789","1,003",965,"1,021","1,034"
5205,NP,-131,-138,13,70,86,-279,55,37,33,121,119
5205,EPS,-0.17,-0.17,0.02,0.06,0.11,-0.36,0.07,0.05,0.04,0.14,0.18
5205,DPS,—,—,—,—,—,0.01,0.01,0.01,0.02,0.03,—
5205,Div Payout,—,—,—,—,—,—,15.1,63.2,20.8,20.0,—
5205,Shares,781,781,781,781,776,774,774,774,774,774,674
5205,BVPS,0.98,1.06,1.19,1.19,1.13,1.32,1.49,1.10,1.09,1.01,0.41
5205,OCF,-17,33,152,-82,112,-53,-216,52,46,91,21
5205,FCF,-29,23,106,-137,27,-124,-382,-48,-109,49,-26
5205,NP Margin,-10.97,-12.35,0.87,4.12,4.67,-17.62,3.10,3.73,3.38,11.90,11.56
5205,ROE,-15.63,-16.96,1.47,7.64,9.75,-28.00,5.45,4.26,4.01,16.17,23.08
5205,Revenue GR,36.27,-28.58,-8.62,-6.81,15.67,-11.54,78.38,3.91,-5.50,-1.20,38.77
5205,Revenue GR 3Y avg,—,-15.27,-0.50,-1.57,22.21,17.92,20.54,-1.01,9.01,—,—
5205,Revenue GR 5Y avg,—,-9.05,9.22,12.07,12.38,8.89,19.15,—,—,—,—
5205,Revenue GR 10Y avg,—,4.10,—,—,—,—,—,—,—,—,—
5205,NP GR,—,—,—,8.25,31.74,—,-23.05,-32.09,-34.61,—,—
5205,NP GR 3Y avg,—,—,-18.44,16.57,-6.78,—,-13.86,—,—,—,—
5205,NP GR 5Y avg,—,—,—,—,—,—,—,—,—,—,—
5205,NP GR 10Y avg,0.0,0.0,0.0,0.0,0.0,0.0,0.0,0.0,0.0,0.0,0.0
5205,EPS GR,-62.31,—,-81.11,-18.18,—,—,50.00,14.29,-72.00,-16.67,-95.68
5205,EPS GR 3Y avg,—,—,—,7.72,31.84,—,-21.70,-35.63,-78.40,—,—
5205,EPS GR 5Y avg,—,—,-18.75,16.47,-6.01,—,-55.59,—,—,—,—
5205,EPS GR 10Y avg,—,—,—,—,—,—,—,—,—,—,—
5205,OCF GR,—,-78.67,—,—,—,—,—,13.63,-49.92,332.31,—
5205,FCF GR,—,-78.09,—,—,—,—,—,—,—,—,—
5205,D/E,0.89,0.44,1.09,0.28,0.22,0.29,0.27,0.32,0.36,0.05,0.02
5205,Price,0.2700,0.3150,0.3950,0.6700,0.8650,0.5750,0.7650,0.7800,1.0400,1.3300,1.7000
5207,Year End,TTM,2020-03,2019-03,2018-03,2017-03,2016-03,2015-03,2014-03,2013-03,2012-03,2011-03
5207,Revenue,117,170,146,52,65,139,153,139,126,154,113
5207,NP,-1,10,12,2,-3,13,18,33,28,—,13
5207,EPS,—,0.04,0.05,—,-0.01,0.06,0.08,0.11,0.17,0.16,0.09
5207,DPS,—,0.01,—,—,—,0.02,0.03,0.02,0.02,0.01,0.01
5207,Div Payout,—,14.2,—,—,—,—,30.5,9.4,12.5,9.4,—
5207,Shares,258,258,243,235,235,235,235,304,161,146,146
5207,BVPS,1.63,1.63,1.57,1.64,1.65,1.65,1.59,1.52,1.90,1.75,—
5207,OCF,-66,28,9,3,21,-12,-18,-6,13,62,3
5207,FCF,-68,28,9,2,20,-12,-19,-6,11,61,3
5207,NP Margin,-0.91,5.72,8.54,4.06,-4.71,9.61,11.63,23.95,22.24,—,11.63
5207,ROE,-0.25,2.36,3.14,0.55,-0.79,3.50,4.77,10.14,10.14,—,5.58
5207,Revenue GR,42.88,16.75,180.41,-19.52,-53.68,-8.72,9.94,10.29,-18.01,35.85,—
5207,Revenue GR 3Y avg,—,38.12,1.49,-30.19,-22.54,3.44,-0.19,7.10,6.81,25.49,—
5207,Revenue GR 5Y avg,—,2.18,0.96,-16.23,-15.92,4.28,8.12,12.32,3.32,14.79,—
5207,Revenue GR 10Y avg,—,5.11,6.49,-6.97,-1.75,7.15,—,—,—,—,—
5207,NP GR,—,—,-2.40,-50.83,—,-21.81,—,36.28,41.49,—,—
5207,NP GR 3Y avg,—,-11.34,-17.85,-40.37,—,0.37,12.42,46.17,51.48,—,—
5207,NP GR 5Y avg,—,-0.16,9.58,-4.96,—,29.03,—,—,—,—,—
5207,NP GR 10Y avg,0.0,0.0,0.0,0.0,0.0,0.0,0.0,0.0,0.0,0.0,0.0
5207,EPS GR,-64.25,-26.51,470.00,—,—,-24.57,-57.63,-6.78,21.43,75.47,—
5207,EPS GR 3Y avg,—,—,-3.51,-50.83,—,-33.21,-21.72,25.70,41.50,66.62,—
5207,EPS GR 5Y avg,—,-13.01,-22.09,-45.76,—,-8.69,2.27,39.25,51.48,—,—
5207,EPS GR 10Y avg,—,-5.68,4.16,-9.35,—,23.07,—,—,—,—,—
5207,OCF GR,—,207.11,198.15,-85.00,—,—,—,—,-79.47,—,—
5207,FCF GR,—,211.35,384.57,-90.86,—,—,—,—,-81.19,—,—
5207,D/E,0.15,0.12,0.08,0.09,0.13,0.16,0.05,0.10,0.17,0.20,0.11
5207,Price,0.3950,0.3950,0.2800,0.4800,0.4950,0.7400,0.7100,0.8950,1.8000,1.0700,0.9100
