code,detail,TTM,Y1,Y2,Y3,Y4,Y5,Y6,Y7,Y8,Y9,Y10
2305,Year End,TTM,2020-12,2019-12,2018-12,2017-12,2016-12,2016-03,2015-03,2014-03,2013-03,2012-03
2305,Revenue,51,49,67,81,52,52,87,102,98,52,24
2305,NP,7,8,13,20,12,10,21,44,46,15,10
2305,EPS,0.09,0.10,0.17,0.27,0.16,0.13,0.28,0.59,0.63,0.20,0.14
2305,DPS,0.04,0.04,0.05,0.05,0.05,0.10,0.32,0.35,0.12,0.10,0.10
2305,Div Payout,49.1,27.4,22.7,30.0,79.9,41.1,—,—,—,—,—
2305,Shares,75,75,75,75,75,75,75,75,75,75,75
2305,BVPS,7.01,7.00,6.91,6.76,6.59,6.42,—,—,—,—,—
2305,OCF,45,36,29,19,28,-2,-21,11,20,56,13
2305,FCF,43,34,25,14,23,-3,-25,-13,11,56,7
2305,NP Margin,13.52,15.91,19.75,24.92,23.68,19.22,23.69,42.95,47.11,28.40,43.23
2305,ROE,1.31,1.49,2.57,4.00,2.51,2.09,4.25,9.20,10.27,3.41,2.45
2305,Revenue GR,19.03,-27.14,-16.62,54.84,-0.21,-49.03,-14.99,3.90,90.23,114.67,6.12
2305,Revenue GR 3Y avg,—,-2.02,8.81,-2.60,-21.65,-20.49,18.88,61.89,63.04,-15.94,-43.19
2305,Revenue GR 5Y avg,—,-11.31,-8.39,-4.05,0.19,17.70,30.79,3.26,-5.62,-13.64,-24.23
2305,Revenue GR 10Y avg,—,8.22,-2.59,-4.86,-7.15,-6.08,5.92,—,—,—,—
2305,NP GR,—,-14.17,9.81,-0.80,-36.87,-42.57,11.92,61.54,61.16,-14.09,-21.98
2305,NP GR 3Y avg,—,-18.43,-22.20,-16.08,-3.56,-0.75,13.21,13.64,16.15,-4.30,-12.91
2305,NP GR 5Y avg,—,-3.51,-5.52,-0.87,-3.94,-7.18,-11.09,—,—,—,—
2305,NP GR 10Y avg,0.0,0.0,0.0,0.0,0.0,0.0,0.0,0.0,0.0,0.0,0.0
2305,EPS GR,-64.32,-41.32,-33.92,62.95,23.01,-61.41,-53.11,-5.28,215.64,41.02,-5.95
2305,EPS GR 3Y avg,—,-14.18,9.82,-0.80,-36.87,-42.58,11.92,61.55,61.17,-14.04,-21.97
2305,EPS GR 5Y avg,—,-18.44,-22.20,-16.08,-3.56,-0.75,13.21,13.69,16.16,-4.41,-12.92
2305,EPS GR 10Y avg,—,-3.51,-5.50,-0.86,-4.00,-7.18,-11.08,—,—,—,—
2305,OCF GR,—,24.53,50.26,-31.17,—,—,—,-43.48,-64.03,324.06,-51.55
2305,FCF GR,—,35.35,72.88,-38.04,—,—,—,—,-79.82,704.92,-74.27
2305,D/E,—,—,—,—,—,—,—,—,—,—,—
2305,Price,5.5500,5.6000,4.4400,4.6000,6.7000,6.4000,6.6000,6.5000,7.0000,7.0000,5.0400
2445,Year End,TTM,2020-09,2019-09,2018-09,2017-09,2016-09,2015-09,2014-09,2013-09,2012-09,2011-09
2445,Revenue,"16,373","15,446","15,440","18,320","20,930","16,449","13,607","11,094","9,118","10,040","10,743"
2445,NP,"1,425",773,618,753,"1,005","1,592",870,992,918,"1,211","1,571"
2445,EPS,1.32,0.72,0.58,0.57,0.94,1.50,0.81,0.93,0.86,1.14,1.47
2445,DPS,0.50,0.50,0.45,0.50,0.50,0.45,0.55,0.50,0.65,0.85,0.60
2445,Div Payout,37.7,72.3,67.1,59.5,46.8,34.1,68.5,49.3,73.3,72.4,40.7
2445,Shares,"1,079","1,073","1,065","1,065","1,065","1,065","1,065","1,065","1,065","1,065","1,065"
2445,BVPS,10.60,9.97,9.82,10.55,10.65,9.21,8.24,7.29,6.72,6.37,6.64
2445,OCF,"1,203","1,330","1,155",795,"1,404","1,297",466,739,"1,220","1,638",928
2445,FCF,248,461,520,331,742,412,-463,-224,237,793,612
2445,NP Margin,8.71,5.00,4.00,4.11,4.80,9.68,6.39,8.94,10.07,12.06,14.63
2445,ROE,13.14,7.29,5.67,6.55,9.13,15.83,9.99,12.98,12.53,17.08,24.03
2445,Revenue GR,18.53,0.04,-15.72,-12.47,27.24,20.89,22.65,21.67,-9.18,-6.55,43.42
2445,Revenue GR 3Y avg,—,-9.63,-2.09,10.42,23.56,21.74,10.66,1.08,6.77,14.67,11.00
2445,Revenue GR 5Y avg,—,2.57,6.83,14.98,15.83,8.89,12.68,10.75,3.03,14.65,22.36
2445,Revenue GR 10Y avg,—,7.51,8.77,8.84,15.24,15.43,—,—,—,—,—
2445,NP GR,—,-8.40,-27.07,-4.68,0.45,20.16,-10.45,-14.22,-3.22,25.52,14.73
2445,NP GR 3Y avg,—,-2.34,-9.04,-3.87,-3.66,0.26,-2.99,10.12,-2.48,11.78,29.22
2445,NP GR 5Y avg,—,-2.67,0.08,-3.18,3.77,13.82,—,—,—,—,—
2445,NP GR 10Y avg,0.0,0.0,0.0,0.0,0.0,0.0,0.0,0.0,0.0,0.0,0.0
2445,EPS GR,—,24.14,-17.96,-25.11,-36.86,82.99,-12.24,8.00,-24.19,-22.94,55.23
2445,EPS GR 3Y avg,—,-8.63,-27.07,-4.71,0.46,20.15,-10.43,-14.23,-3.21,25.51,14.73
2445,EPS GR 5Y avg,—,-2.50,-9.03,-3.89,-3.65,0.26,-2.98,10.11,-2.48,11.77,40.13
2445,EPS GR 10Y avg,—,-2.74,0.08,-3.18,3.77,18.53,—,—,—,—,—
2445,OCF GR,—,15.16,45.16,-43.34,8.27,178.07,-36.89,-39.43,-25.53,76.47,18.42
2445,FCF GR,—,-11.41,57.21,-55.41,80.09,—,—,—,-70.12,29.58,13.52
2445,D/E,0.45,0.48,0.49,0.27,0.27,0.28,0.28,0.23,0.21,0.25,0.07
2445,Price,22.9400,22.8000,23.0800,24.9600,24.5600,23.9800,21.7000,21.0800,22.6000,22.0600,21.1000
2453,Year End,TTM,2020-06,2019-06,2018-06,2017-06,2016-06,2015-06,2014-06,2013-06,2012-06,2011-06
2453,Revenue,30,26,23,29,25,25,24,28,6,7,8
2453,NP,28,-2,-12,6,2,3,5,8,10,7,15
2453,EPS,0.45,-0.03,-0.19,0.12,0.03,0.04,0.08,0.13,0.16,0.11,0.25
2453,DPS,0.01,0.01,0.01,0.01,0.01,0.01,0.01,0.01,0.01,0.01,0.01
2453,Div Payout,2.2,—,—,10.0,22.8,12.5,10.1,4.5,9.0,3.9,—
2453,Shares,63,63,65,65,65,65,65,64,62,62,62
2453,BVPS,10.64,9.76,10.37,10.35,10.08,9.78,7.35,6.63,6.82,6.20,—
2453,OCF,-7,-9,-7,3,1,-3,-2,1,—,1,2
2453,FCF,-11,-13,-15,-5,-10,-12,-4,1,-1,1,2
2453,NP Margin,94.09,-8.37,-54.41,22.27,7.29,11.86,19.78,30.29,165.44,94.48,201.40
2453,ROE,4.39,-0.33,-1.80,0.95,0.28,0.46,0.89,1.97,2.61,1.74,3.97
2453,Revenue GR,-0.70,14.59,-22.31,15.07,2.85,0.59,-12.15,342.33,-12.16,-5.47,—
2453,Revenue GR 3Y avg,—,0.81,-2.76,5.98,-3.14,57.53,50.56,54.29,-0.62,1.92,—
2453,Revenue GR 5Y avg,—,1.17,-4.07,35.84,28.70,26.55,30.70,32.69,-9.47,1.22,—
2453,Revenue GR 10Y avg,—,14.99,12.82,10.89,14.14,15.55,—,—,—,—,—
2453,NP GR,—,—,—,10.26,-39.76,-34.56,-10.59,-17.95,6.94,—,—
2453,NP GR 3Y avg,—,—,—,-9.04,-22.91,-28.18,-10.69,—,-14.24,-14.33,—
2453,NP GR 5Y avg,—,—,—,-11.67,-18.73,-11.20,—,—,—,—,—
2453,NP GR 10Y avg,0.0,0.0,0.0,0.0,0.0,0.0,0.0,0.0,0.0,0.0,0.0
2453,EPS GR,-87.03,—,—,255.17,-36.96,-40.26,-43.38,-21.39,54.46,-55.83,—
2453,EPS GR 3Y avg,—,—,—,10.18,-40.26,-35.70,-11.74,-18.75,6.96,—,—
2453,EPS GR 5Y avg,—,—,—,-9.85,-23.68,-28.92,-11.44,—,-14.23,-14.40,—
2453,EPS GR 10Y avg,—,—,—,-12.07,-19.17,-11.66,—,—,—,—,—
2453,OCF GR,—,—,—,143.47,—,—,—,—,—,-23.10,—
2453,FCF GR,—,—,—,—,—,—,—,—,—,-23.68,—
2453,D/E,—,—,—,—,—,—,—,—,—,—,—
2453,Price,3.7000,3.1500,3.2500,4.1100,3.2400,3.0000,3.1200,3.7000,3.1300,2.5000,2.6100
2488,Year End,TTM,2020-03,2019-03,2018-03,2017-03,2016-03,2015-03,2014-03,2013-03,2012-03,2011-03
2488,Revenue,"1,801","1,647","1,622","1,572","1,470","1,432","1,368","1,363","1,302","1,273","1,129"
2488,NP,407,424,538,493,512,522,531,564,538,479,409
2488,EPS,0.26,0.27,0.34,0.32,0.34,0.34,0.34,0.37,0.35,0.33,0.27
2488,DPS,—,0.14,0.15,0.16,0.15,0.14,0.09,0.19,0.17,0.13,0.07
2488,Div Payout,—,50.1,44.1,49.5,43.7,45.4,23.0,81.2,43.6,26.2,—
2488,Shares,"1,548","1,548","1,548","1,548","1,528","1,528","1,526","1,520","1,526","1,528","1,535"
2488,BVPS,4.16,3.82,3.60,3.44,3.22,3.02,2.80,2.59,2.62,2.39,—
2488,OCF,"1,998","3,184",134,"-1,786","-1,461",-520,365,"1,021",343,"1,064","1,268"
2488,FCF,"1,936","3,108",45,"-1,859","-1,509",-558,312,969,298,"1,024","1,243"
2488,NP Margin,22.59,25.76,33.14,31.37,34.84,36.46,38.80,41.35,41.32,37.65,36.25
2488,ROE,6.59,7.24,9.61,9.33,10.29,11.18,12.26,13.75,13.59,13.24,12.99
2488,Revenue GR,9.50,1.52,3.19,6.96,2.64,4.66,0.39,4.64,2.28,12.81,—
2488,Revenue GR 3Y avg,—,3.87,4.25,4.74,2.55,3.21,2.42,6.48,6.95,6.36,—
2488,Revenue GR 5Y avg,—,3.78,3.55,3.84,2.91,4.87,5.15,5.19,5.06,6.63,—
2488,Revenue GR 10Y avg,—,4.46,4.37,4.45,4.75,6.42,—,—,—,—,—
2488,NP GR,—,-6.08,0.98,-2.42,-3.14,-1.01,3.46,11.26,21.30,27.94,—
2488,NP GR 3Y avg,—,-4.38,-0.94,-1.73,1.33,4.99,11.98,19.75,7.20,34.88,—
2488,NP GR 5Y avg,—,3.47,8.91,2.64,16.91,—,—,—,—,—,—
2488,NP GR 10Y avg,0.0,0.0,0.0,0.0,0.0,0.0,0.0,0.0,0.0,0.0,0.0
2488,EPS GR,-25.29,-21.04,8.78,-4.78,-2.05,-1.72,-6.20,5.10,12.42,17.60,—
2488,EPS GR 3Y avg,—,-6.48,0.49,-2.86,-3.35,-1.05,3.49,11.59,21.67,28.50,—
2488,EPS GR 5Y avg,—,-4.67,-1.33,-2.01,1.30,5.08,12.17,20.18,6.80,31.78,—
2488,EPS GR 10Y avg,—,3.41,8.89,2.30,15.54,—,—,—,—,—,—
2488,OCF GR,—,—,—,—,—,—,-64.30,198.19,-67.79,-16.13,—
2488,FCF GR,—,—,—,—,—,—,-67.84,225.25,-70.93,-17.56,—
2488,D/E,0.26,0.28,0.26,0.25,0.24,0.38,0.32,0.15,0.17,0.17,0.36
2488,Price,2.6500,2.6500,1.9000,4.0900,4.3700,4.0800,4.1500,4.7900,4.4100,4.4000,3.8900
2542,Year End,TTM,2020-12,2019-12,2018-12,2017-12,2016-12,2015-12,2014-12,2013-12,2012-12,2011-12
2542,Revenue,42,36,26,29,43,31,31,30,29,25,28
2542,NP,14,11,2,5,15,8,6,8,11,19,18
2542,EPS,0.21,0.17,0.03,0.08,0.24,0.17,0.10,0.12,0.16,0.30,0.28
2542,DPS,0.03,0.01,0.03,0.06,0.14,—,0.06,0.10,0.20,0.20,0.15
2542,Div Payout,14.2,16.1,263.2,125.4,22.4,85.6,—,9.9,96.3,66.8,93.2
2542,Shares,65,65,65,65,65,65,65,65,65,65,65
2542,BVPS,4.25,4.21,4.09,4.15,4.98,4.78,4.77,4.54,4.72,4.74,2.58
2542,OCF,17,12,4,6,23,2,8,21,8,9,12
2542,FCF,16,10,4,3,20,2,6,18,5,7,12
2542,NP Margin,32.54,30.85,8.49,17.70,35.50,25.79,20.13,26.04,36.71,77.48,65.92
2542,ROE,5.06,4.19,0.82,1.91,5.34,2.64,2.09,2.65,3.54,8.06,10.73
2542,Revenue GR,73.61,41.95,-10.34,-33.76,38.18,0.52,3.52,3.38,16.10,-9.79,16.04
2542,Revenue GR 3Y avg,—,-5.53,-6.37,-2.73,12.87,2.46,7.50,2.68,6.72,4.54,1.81
2542,Revenue GR 5Y avg,—,3.21,-3.10,-0.31,11.53,2.41,5.40,6.52,2.02,3.67,18.34
2542,Revenue GR 10Y avg,—,4.30,1.59,0.85,7.53,10.09,—,—,—,—,—
2542,NP GR,—,-9.85,-35.35,-6.81,25.16,-8.91,-31.41,-24.66,-8.45,8.46,15.06
2542,NP GR 3Y avg,—,12.42,-22.56,-13.84,-4.59,-15.11,-14.75,-12.44,-2.34,1.91,22.66
2542,NP GR 5Y avg,—,-2.11,-17.66,-8.27,-1.39,2.04,—,—,—,—,—
2542,NP GR 10Y avg,0.0,0.0,0.0,0.0,0.0,0.0,0.0,0.0,0.0,0.0,0.0
2542,EPS GR,187.44,416.67,-57.03,-66.99,90.28,28.75,-19.95,-26.70,-44.98,6.02,31.58
2542,EPS GR 3Y avg,—,-9.84,-35.38,-6.83,25.17,-8.92,-31.40,-24.66,-8.44,8.45,15.07
2542,EPS GR 5Y avg,—,12.42,-22.58,-13.85,-4.58,-15.12,-14.75,-12.45,-2.33,1.92,22.67
2542,EPS GR 10Y avg,—,-2.10,-17.67,-8.27,-1.39,2.04,—,—,—,—,—
2542,OCF GR,—,174.82,-25.80,-75.09,810.06,-69.21,-60.64,156.14,-12.22,-23.36,7.31
2542,FCF GR,—,177.66,17.10,-84.57,—,-72.73,-64.90,283.87,-36.40,-37.53,7.11
2542,D/E,—,—,—,—,—,—,—,—,—,—,—
2542,Price,0.0000,3.1300,2.9500,3.1000,3.8500,3.7100,3.5000,3.8000,4.2600,3.1000,3.0000
2569,Year End,TTM,2020-06,2019-06,2018-06,2017-06,2016-06,2015-06,2014-06,2013-06,2012-06,2011-06
2569,Revenue,18,14,12,14,12,11,11,15,12,12,13
2569,NP,35,-8,-7,6,-6,-2,5,14,12,7,19
2569,EPS,0.52,-0.13,-0.10,0.10,-0.09,-0.03,0.08,0.22,0.20,0.10,0.32
2569,DPS,0.02,0.02,0.02,0.02,0.02,0.02,0.02,0.02,0.02,0.02,0.02
2569,Div Payout,3.8,—,—,20.0,—,23.3,22.8,7.1,18.1,6.3,—
2569,Shares,66,66,66,66,66,66,66,64,60,60,60
2569,BVPS,8.99,8.13,8.99,9.48,9.08,8.61,7.19,6.25,6.74,6.06,—
2569,OCF,-5,-5,-4,2,1,-2,-2,—,-1,2,5
2569,FCF,-7,-8,-12,-5,-10,-11,-4,—,-1,2,5
2569,NP Margin,198.04,-60.06,-54.42,44.66,-49.63,-16.96,48.95,95.22,103.92,53.81,141.91
2569,ROE,6.12,-1.46,-1.08,1.02,-1.04,-0.33,1.07,3.42,3.22,1.78,5.31
2569,Revenue GR,1.14,15.07,-13.75,15.42,10.99,-0.17,-25.72,26.81,-3.95,-9.07,—
2569,Revenue GR 3Y avg,—,4.63,3.38,8.55,-6.28,-2.03,-3.28,3.46,5.52,4.07,—
2569,Revenue GR 5Y avg,—,4.89,-3.90,3.80,0.05,-3.86,2.05,6.54,-10.66,-3.53,—
2569,Revenue GR 10Y avg,—,3.46,1.18,-3.70,-1.75,-0.56,—,—,—,—,—
2569,NP GR,—,—,—,5.28,—,—,-6.28,-9.42,-1.10,—,—
2569,NP GR 3Y avg,—,—,—,-12.34,—,—,-15.56,—,-17.08,-19.39,—
2569,NP GR 5Y avg,—,—,—,-14.74,—,—,—,—,—,—,—
2569,NP GR 10Y avg,0.0,0.0,0.0,0.0,0.0,0.0,0.0,0.0,0.0,0.0,0.0
2569,EPS GR,-85.66,—,—,—,—,—,-62.90,9.41,85.16,-65.52,—
2569,EPS GR 3Y avg,—,—,—,5.25,—,—,-9.08,-11.28,-1.16,—,—
2569,EPS GR 5Y avg,—,—,—,-13.90,—,—,-17.08,—,-17.12,-19.39,—
2569,EPS GR 10Y avg,—,—,—,-15.52,—,—,—,—,—,—,—
2569,OCF GR,—,—,—,260.11,—,—,—,—,—,-56.02,—
2569,FCF GR,—,—,—,—,—,—,—,—,—,-56.08,—
2569,D/E,—,0.01,—,—,—,—,—,—,—,—,—
2569,Price,3.0900,2.4900,2.8100,3.3000,2.9800,2.9500,3.1200,3.6500,3.0500,2.8400,3.0800
2593,Year End,TTM,2020-04,2019-04,2018-04,2017-04,2016-04,2015-04,2014-04,2013-04,2012-04,2011-04
2593,Revenue,378,294,204,278,275,206,213,244,206,231,206
2593,NP,-36,16,-39,48,85,60,47,72,69,—,81
2593,EPS,-0.17,0.08,-0.19,0.12,0.40,0.29,0.23,0.34,0.34,0.42,0.40
2593,DPS,0.09,0.08,0.08,0.18,0.16,0.16,0.19,0.21,0.26,0.28,0.24
2593,Div Payout,—,25.3,—,55.1,44.2,67.7,71.5,69.3,74.3,64.8,—
2593,Shares,210,210,210,209,209,209,207,206,204,203,202
2593,BVPS,6.31,6.61,7.22,8.29,8.26,8.09,7.61,7.54,5.23,5.20,—
2593,OCF,59,19,14,106,84,85,62,76,78,—,85
2593,FCF,8,-89,-87,60,28,66,36,27,37,—,55
2593,NP Margin,-9.54,5.55,-19.16,17.44,30.78,28.96,22.14,29.27,33.34,—,39.59
2593,ROE,-2.66,1.24,-2.61,2.83,4.88,3.52,2.89,4.57,5.29,—,8.48
2593,Revenue GR,22.30,44.29,-26.64,1.10,33.53,-3.48,-12.77,18.56,-10.93,12.48,—
2593,Revenue GR 3Y avg,—,2.29,-0.32,9.22,3.98,-0.06,-2.70,5.90,4.90,5.85,—
2593,Revenue GR 5Y avg,—,6.64,-3.57,6.15,3.49,—,3.61,4.61,-1.49,—,—
2593,Revenue GR 10Y avg,—,5.11,0.43,2.26,—,—,—,—,—,—,—
2593,NP GR,—,-42.22,—,0.87,5.74,-4.65,—,-4.24,2.32,—,—
2593,NP GR 3Y avg,—,-19.14,—,-6.76,—,-6.06,-5.96,0.05,-6.58,—,—
2593,NP GR 5Y avg,—,-12.80,—,-6.67,—,—,—,—,—,—,—
2593,NP GR 10Y avg,0.0,0.0,0.0,0.0,0.0,0.0,0.0,0.0,0.0,0.0,0.0
2593,EPS GR,324.68,—,—,-42.79,41.74,25.21,-34.51,5.36,-22.17,4.95,—
2593,EPS GR 3Y avg,—,-42.26,—,0.51,5.14,-4.76,-18.72,-4.88,117.82,6.13,—
2593,EPS GR 5Y avg,—,-19.33,—,-6.87,-0.96,-6.73,48.12,-0.40,-7.25,—,—
2593,EPS GR 10Y avg,—,9.31,—,-7.06,—,—,—,—,—,—,—
2593,OCF GR,—,32.65,-86.39,25.76,-0.80,36.04,-17.51,-3.02,—,—,—
2593,FCF GR,—,—,—,115.60,-57.56,83.47,31.25,-26.92,—,—,—
2593,D/E,0.04,0.05,0.05,0.05,0.09,0.08,—,—,—,—,—
2593,Price,5.1000,5.1000,4.4000,5.3600,6.1000,6.1800,5.9600,6.3800,7.1300,7.3000,7.6400
2607,Year End,TTM,2020-12,2019-12,2018-12,2017-12,2016-12,2015-12,2014-12,2013-12,2012-12,2011-12
2607,Revenue,13,10,14,16,16,11,10,24,14,16,20
2607,NP,-15,-16,-7,-11,-15,-4,-2,-7,-28,4,-4
2607,EPS,-0.04,-0.04,-0.01,-0.03,-0.03,-0.01,—,-0.02,-0.07,0.01,-0.01
2607,DPS,—,0.01,—,—,0.01,0.01,0.01,0.01,0.01,—,—
2607,Div Payout,—,—,—,—,—,—,—,—,—,—,—
2607,Shares,379,379,379,387,403,403,403,403,404,417,421
2607,BVPS,1.60,1.61,1.64,1.64,1.57,1.57,1.73,1.75,1.74,1.76,1.55
2607,OCF,-17,-15,-1,9,-15,18,-25,-5,-12,-18,-7
2607,FCF,6,-18,-17,-16,-21,-16,-31,-7,-13,-30,-10
2607,NP Margin,-113.69,-157.94,-48.61,-70.68,-93.11,-34.53,-18.86,-30.15,-202.49,27.00,-20.65
2607,ROE,-2.40,-2.57,-1.10,-1.75,-2.32,-0.59,-0.29,-1.01,-3.93,0.61,-0.61
2607,Revenue GR,140.83,-29.22,-9.68,-0.64,46.20,5.30,-56.47,67.97,-14.23,-18.67,-28.38
2607,Revenue GR 3Y avg,—,-14.04,9.47,15.22,-12.50,-8.35,-14.41,5.42,-20.65,-2.28,4.76
2607,Revenue GR 5Y avg,—,-0.45,-9.67,2.26,-0.70,-11.69,-18.24,6.10,-4.32,-3.62,1.13
2607,Revenue GR 10Y avg,—,-9.78,-2.10,-1.08,-2.17,-5.50,0.50,15.27,11.15,13.20,14.10
2607,NP GR,—,—,—,—,—,—,—,—,—,65.30,—
2607,NP GR 3Y avg,—,—,—,—,—,—,—,—,—,44.84,—
2607,NP GR 5Y avg,—,—,—,—,—,—,—,—,—,-21.57,—
2607,NP GR 10Y avg,0.0,0.0,0.0,0.0,0.0,0.0,0.0,0.0,0.0,0.0,0.0
2607,EPS GR,-21.85,—,—,—,—,—,—,—,—,—,—
2607,EPS GR 3Y avg,—,—,—,—,—,—,—,—,—,76.52,—
2607,EPS GR 5Y avg,—,—,—,—,—,—,—,—,—,40.63,—
2607,EPS GR 10Y avg,—,—,—,—,—,—,—,—,—,-46.84,—
2607,OCF GR,—,—,—,—,—,—,—,—,—,—,—
2607,FCF GR,—,—,—,—,—,—,—,—,—,—,—
2607,D/E,—,—,—,—,—,—,—,—,—,—,—
2607,Price,0.4950,0.5250,0.6250,0.6750,0.6900,0.6950,0.7000,0.7200,0.8300,0.8500,0.6100
2658,Year End,TTM,2020-03,2019-03,2018-03,2017-03,2016-03,2015-03,2014-03,2013-03,2012-03,2011-03
2658,Revenue,445,462,448,436,420,400,340,345,333,325,316
2658,NP,56,60,57,56,187,41,30,28,19,26,26
2658,EPS,0.93,0.98,0.93,0.93,3.08,0.67,0.48,0.46,0.32,0.42,0.42
2658,DPS,0.49,0.47,0.47,0.42,0.34,0.20,0.18,0.20,0.20,0.18,0.18
2658,Div Payout,53.1,51.2,47.6,13.4,45.5,30.5,38.3,44.5,58.3,42.3,—
2658,Shares,61,61,61,61,61,61,61,61,61,61,61
2658,BVPS,8.33,7.91,7.46,6.95,5.36,4.96,4.52,4.21,3.95,3.77,—
2658,OCF,63,68,65,61,55,59,38,45,30,24,35
2658,FCF,-62,-50,25,52,37,46,25,33,21,7,20
2658,NP Margin,12.70,12.96,12.64,12.90,44.64,10.19,8.74,8.12,5.83,7.89,8.18
2658,ROE,11.44,12.46,12.54,12.34,47.92,13.89,10.98,11.07,8.09,11.24,12.19
2658,Revenue GR,-5.02,3.12,2.62,3.90,4.93,17.58,-1.44,3.74,2.54,2.68,—
2658,Revenue GR 3Y avg,—,3.21,3.81,8.63,6.73,6.33,1.59,2.99,5.36,10.01,—
2658,Revenue GR 5Y avg,—,6.29,5.33,5.56,5.28,4.83,3.64,7.21,9.09,11.24,—
2658,Revenue GR 10Y avg,—,4.96,6.27,7.31,8.22,8.90,—,—,—,—,—
2658,NP GR,—,-31.65,11.53,23.69,88.38,28.10,5.11,2.72,-6.76,10.52,—
2658,NP GR 3Y avg,—,15.02,15.07,23.73,48.91,9.53,4.43,8.14,-1.51,11.29,—
2658,NP GR 5Y avg,—,9.60,11.55,10.39,28.74,20.52,—,—,—,—,—
2658,NP GR 10Y avg,0.0,0.0,0.0,0.0,0.0,0.0,0.0,0.0,0.0,0.0,0.0
2658,EPS GR,-21.28,5.78,0.56,-69.98,359.46,37.22,6.07,44.51,-24.23,-1.17,—
2658,EPS GR 3Y avg,—,-31.65,11.52,23.69,88.40,28.13,5.12,2.67,-6.80,10.50,—
2658,EPS GR 5Y avg,—,15.02,15.08,23.74,48.91,9.51,4.41,8.12,-1.50,11.25,—
2658,EPS GR 10Y avg,—,9.59,11.55,10.40,28.71,20.50,—,—,—,—,—
2658,OCF GR,—,3.39,7.77,11.19,-6.97,53.88,-15.22,49.14,27.99,-32.80,—
2658,FCF GR,—,—,-51.68,42.18,-19.88,83.06,-24.65,58.41,197.96,-65.38,—
2658,D/E,0.13,—,—,—,—,—,—,—,—,—,—
2658,Price,15.8800,15.8800,13.0000,18.0000,22.3000,15.9000,8.9800,6.3000,5.1000,4.4200,4.0900
2828,Year End,TTM,2020-06,2019-06,2018-06,2017-06,2016-06,2015-06,2014-06,2013-06,2012-06,2011-06
2828,Revenue,"2,989","2,572","2,273","2,603","2,175","1,305",399,92,39,41,581
2828,NP,56,30,19,31,27,27,12,-3,-1,659,40
2828,EPS,0.34,0.19,0.12,0.19,0.17,0.16,0.08,-0.02,—,4.64,0.28
2828,DPS,0.10,0.08,0.10,0.08,0.05,—,—,—,—,0.07,0.12
2828,Div Payout,29.0,51.2,76.2,40.1,33.3,—,—,—,—,42.8,—
2828,Shares,—,162,162,162,162,162,162,146,142,142,142
2828,BVPS,1.60,1.36,1.30,1.27,1.15,1.05,0.87,0.70,0.81,1.32,—
2828,OCF,108,-81,86,41,-17,-80,-15,-7,-5,-30,28
2828,FCF,100,-100,63,25,-19,-87,-24,-7,-5,-44,15
2828,NP Margin,1.87,1.17,0.84,1.20,1.24,2.04,3.07,-2.78,-1.34,—,6.90
2828,ROE,23.31,13.75,9.03,15.40,14.75,16.57,8.68,-2.04,-0.46,431.17,22.87
2828,Revenue GR,16.50,13.18,-12.67,19.64,66.65,226.94,332.79,134.32,-3.60,-92.97,—
2828,Revenue GR 3Y avg,—,5.75,20.30,86.80,186.76,221.25,113.82,-45.84,-57.60,-51.72,—
2828,Revenue GR 5Y avg,—,45.15,89.81,131.23,121.46,17.58,-5.01,-23.96,-32.95,-31.24,—
2828,Revenue GR 10Y avg,—,17.42,20.14,24.52,23.40,19.46,—,—,—,—,—
2828,NP GR,—,3.63,-10.56,36.43,—,—,-73.51,—,—,215.49,—
2828,NP GR 3Y avg,—,19.71,—,—,-47.19,-7.87,-20.31,—,—,142.41,—
2828,NP GR 5Y avg,—,-2.33,-0.96,7.90,13.15,—,—,—,—,—,—
2828,NP GR 10Y avg,0.0,0.0,0.0,0.0,0.0,0.0,0.0,0.0,0.0,0.0,0.0
2828,EPS GR,—,58.21,-38.80,14.97,1.64,117.33,—,—,—,—,—
2828,EPS GR 3Y avg,—,3.64,-10.57,36.44,—,—,-74.65,—,—,206.24,—
2828,EPS GR 5Y avg,—,19.72,—,—,-48.56,-10.11,-22.39,—,—,138.59,—
2828,EPS GR 10Y avg,—,-3.61,-3.13,5.73,10.78,—,—,—,—,—,—
2828,OCF GR,—,—,108.42,—,—,—,—,—,—,—,—
2828,FCF GR,—,—,158.29,—,—,—,—,—,—,—,—
2828,D/E,0.04,0.07,0.08,0.06,0.06,0.05,0.04,0.04,—,—,0.63
2828,Price,2.1500,1.2000,1.3700,1.8400,2.3400,2.5500,2.4400,1.0800,1.0000,1.2000,3.2900
2836,Year End,TTM,2020-12,2019-12,2018-12,2017-12,2016-12,2015-12,2014-12,2013-12,2012-12,2011-12
2836,Revenue,"1,727","1,785","2,257","1,982","1,768","1,679","1,660","1,635","1,555","1,585","1,489"
2836,NP,156,162,291,277,221,205,216,212,184,192,167
2836,EPS,0.51,0.53,0.95,0.91,0.72,0.67,0.71,0.69,0.60,0.63,0.54
2836,DPS,0.64,0.41,1.10,1.01,0.10,0.05,0.05,0.05,0.05,0.07,0.13
2836,Div Payout,124.9,116.6,80.8,119.7,14.0,6.6,7.5,7.2,9.5,11.1,28.6
2836,Shares,306,306,306,306,306,306,306,306,306,306,306
2836,BVPS,0.65,0.43,0.43,0.51,0.83,0.93,0.92,0.82,0.74,0.98,1.90
2836,OCF,285,212,379,380,338,263,223,242,174,198,155
2836,FCF,249,167,312,323,300,220,181,230,143,165,126
2836,NP Margin,9.01,9.09,12.90,13.98,12.51,12.20,13.01,12.94,11.83,12.09,11.24
2836,ROE,85.00,102.53,183.26,118.41,71.26,62.37,66.67,72.23,64.22,41.38,27.75
2836,Revenue GR,-9.81,-20.90,13.83,12.11,5.28,1.18,1.52,5.14,-1.87,6.41,8.86
2836,Revenue GR 3Y avg,—,0.32,10.35,6.10,2.64,2.60,1.56,3.16,4.36,14.87,15.76
2836,Revenue GR 5Y avg,—,1.46,6.66,4.97,2.21,2.43,3.94,9.36,10.12,12.04,9.88
2836,Revenue GR 10Y avg,—,2.70,8.00,7.52,7.02,6.09,—,—,—,—,—
2836,NP GR,—,-9.82,12.39,8.68,1.49,3.68,4.06,8.12,11.10,36.02,30.02
2836,NP GR 3Y avg,—,-5.56,6.58,8.55,2.91,4.14,9.99,22.68,19.29,19.54,14.27
2836,NP GR 5Y avg,—,1.92,14.35,13.79,10.91,9.09,—,—,—,—,—
2836,NP GR 10Y avg,0.0,0.0,0.0,0.0,0.0,0.0,0.0,0.0,0.0,0.0,0.0
2836,EPS GR,-8.93,-44.27,5.00,25.31,7.91,-5.07,2.05,15.03,-4.02,15.33,24.71
2836,EPS GR 3Y avg,—,-9.83,12.39,8.68,1.49,3.68,4.06,8.38,11.35,36.03,29.72
2836,EPS GR 5Y avg,—,-5.56,6.58,8.55,2.91,4.29,10.14,22.68,19.29,19.52,14.10
2836,EPS GR 10Y avg,—,1.98,14.35,13.79,10.90,9.08,—,—,—,—,—
2836,OCF GR,—,-44.12,-0.26,12.38,28.35,17.99,-7.73,38.72,-12.00,28.24,-30.55
2836,FCF GR,—,-46.35,-3.43,7.60,36.48,21.58,-21.40,60.64,-13.14,30.84,-36.14
2836,D/E,0.06,0.02,0.04,—,—,—,—,—,—,—,—
2836,Price,23.8600,23.2400,29.4000,19.6800,15.3000,13.9200,11.7000,11.7400,12.1800,12.5200,8.5400
2852,Year End,TTM,2020-12,2019-12,2018-12,2017-12,2016-12,2015-12,2014-12,2013-12,2012-12,2011-12
2852,Revenue,775,763,"1,741","1,712","1,606","1,551","1,788","1,674","1,417","1,204","1,013"
2852,NP,255,195,159,262,213,169,248,221,175,136,120
2852,EPS,0.24,0.18,0.15,0.24,0.19,0.16,0.23,0.21,0.17,0.14,0.12
2852,DPS,0.03,0.03,0.07,0.08,0.06,0.03,0.09,0.06,0.06,0.07,0.02
2852,Div Payout,42.8,37.7,38.1,31.2,26.9,21.1,43.3,23.4,39.0,48.6,25.0
2852,Shares,"1,078","1,077","1,073","1,072","1,074","1,074","1,065","1,039","1,008",989,988
2852,BVPS,2.68,2.53,2.46,2.30,2.12,1.95,1.79,1.72,1.56,1.52,1.33
2852,OCF,223,73,246,127,282,225,-38,414,236,219,240
2852,FCF,-50,-194,-131,17,222,168,-223,270,142,137,87
2852,NP Margin,32.93,25.54,9.16,15.31,13.27,10.91,13.88,13.22,12.36,11.28,11.85
2852,ROE,9.21,7.18,6.15,10.70,9.35,8.00,12.96,12.77,11.17,9.37,8.80
2852,Revenue GR,-28.46,-56.17,1.65,6.59,3.55,-13.24,6.82,18.14,17.72,18.86,7.33
2852,Revenue GR 3Y avg,—,-21.98,3.91,-1.43,-1.36,3.07,14.10,18.24,14.52,11.23,4.85
2852,Revenue GR 5Y avg,—,-15.67,0.78,3.86,5.94,8.91,13.64,13.86,10.03,6.18,4.98
2852,Revenue GR 10Y avg,—,-2.10,7.12,6.90,6.06,6.93,—,—,—,—,—
2852,NP GR,—,-2.96,-1.95,1.84,-1.24,-1.14,22.28,22.63,38.58,49.05,7.81
2852,NP GR 3Y avg,—,-4.73,-6.35,8.41,9.45,7.11,30.41,40.11,12.82,-18.95,77.22
2852,NP GR 5Y avg,—,11.47,14.55,10.59,-5.82,37.77,—,—,—,—,—
2852,NP GR 10Y avg,0.0,0.0,0.0,0.0,0.0,0.0,0.0,0.0,0.0,0.0,0.0
2852,EPS GR,347.83,21.65,-39.18,23.17,26.03,-32.43,9.39,22.66,26.57,13.04,82.42
2852,EPS GR 3Y avg,—,-3.05,-1.90,1.60,-2.34,-3.22,19.31,20.62,37.68,49.04,7.81
2852,EPS GR 5Y avg,—,-4.94,-6.94,7.07,7.66,5.34,28.49,38.73,12.39,-18.96,77.29
2852,EPS GR 10Y avg,—,10.51,13.62,9.70,-6.60,36.66,—,—,—,—,—
2852,OCF GR,—,-70.29,94.13,-55.01,25.29,—,—,75.53,7.70,-8.85,162.31
2852,FCF GR,—,—,—,-92.49,31.93,—,—,90.64,3.28,57.41,26.97
2852,D/E,0.29,0.30,0.28,0.22,0.25,0.05,0.05,0.02,0.02,0.03,0.05
2852,Price,2.1800,2.1200,2.2700,2.6900,3.9000,4.0000,5.1300,3.9600,6.8700,3.3300,2.0900
3026,Year End,TTM,2020-12,2019-12,2018-12,2017-12,2016-12,2015-12,2014-12,2013-12,2012-12,2011-12
3026,Revenue,"1,108","1,101","1,067","1,049","1,065","1,048","1,002","1,000",983,882,811
3026,NP,68,73,103,129,118,149,141,110,138,123,108
3026,EPS,1.05,1.14,1.60,2.02,1.83,2.33,2.20,1.71,2.16,1.92,1.69
3026,DPS,0.80,0.80,1.00,1.00,1.00,1.00,1.00,1.00,1.00,1.00,0.25
3026,Div Payout,75.8,72.1,60.0,53.3,47.5,46.9,42.8,59.1,45.8,51.9,25.1
3026,Shares,64,64,64,64,64,64,64,64,64,64,64
3026,BVPS,2.87,2.69,2.34,2.07,2.40,3.09,3.16,3.02,3.73,3.38,3.09
3026,OCF,—,—,—,—,—,—,—,—,—,—,—
3026,FCF,58,51,98,86,27,193,176,76,147,175,150
3026,NP Margin,6.09,6.67,9.65,12.35,11.06,14.23,14.07,10.98,14.07,13.99,13.33
3026,ROE,38.51,47.18,82.41,123.60,87.36,92.39,89.72,63.67,68.43,51.92,47.34
3026,Revenue GR,2.97,3.19,1.73,-1.50,1.60,4.60,0.14,1.79,11.39,8.82,16.37
3026,Revenue GR 3Y avg,—,1.12,0.60,1.54,2.10,2.16,4.33,7.26,12.15,8.44,4.44
3026,Revenue GR 5Y avg,—,1.90,1.29,1.31,3.83,5.26,7.53,7.65,6.67,7.84,9.56
3026,Revenue GR 10Y avg,—,4.68,4.42,3.95,5.82,7.39,—,—,—,—,—
3026,NP GR,—,-14.58,-11.61,-2.80,2.34,2.54,4.55,0.54,29.35,26.88,36.34
3026,NP GR 3Y avg,—,-12.25,-1.29,-1.31,-0.94,6.64,17.15,12.71,26.52,21.16,20.21
3026,NP GR 5Y avg,—,1.39,5.48,11.74,9.56,13.22,—,—,—,—,—
3026,NP GR 10Y avg,0.0,0.0,0.0,0.0,0.0,0.0,0.0,0.0,0.0,0.0,0.0
3026,EPS GR,-25.63,-28.78,-20.46,10.01,-21.04,5.72,28.38,-20.56,12.03,14.17,69.18
3026,EPS GR 3Y avg,—,-14.59,-11.60,-2.80,2.33,2.54,4.54,0.53,29.34,27.06,36.09
3026,EPS GR 5Y avg,—,-12.25,-1.28,-1.30,-0.94,6.64,17.15,12.79,26.38,21.11,20.31
3026,EPS GR 10Y avg,—,1.39,5.52,11.68,9.53,13.27,—,—,—,—,—
3026,OCF GR,—,22.49,-2.21,179.56,-79.45,4.54,122.87,-44.05,-12.79,13.90,64.59
3026,FCF GR,—,-47.78,13.43,221.47,-86.08,9.44,132.53,-48.35,-16.13,16.32,68.49
3026,D/E,0.02,0.02,—,—,—,—,—,—,—,—,—
3026,Price,35.7000,37.5000,49.1000,62.0000,62.0000,55.5600,47.7600,42.4000,47.1400,46.4400,23.4000
3034,Year End,TTM,2020-12,2019-12,2018-12,2017-12,2016-12,2015-12,2014-12,2013-12,2012-12,2011-12
3034,Revenue,"5,653","5,850","7,096","6,247","5,289","4,892","4,393","3,768","3,487","3,959","3,531"
3034,NP,711,750,"1,163","1,146","1,104","1,001",908,753,588,423,376
3034,EPS,0.29,0.30,0.47,0.46,0.44,0.42,0.39,0.34,0.28,0.20,0.19
3034,DPS,0.25,0.25,0.35,0.35,0.35,0.35,0.20,0.33,0.14,0.09,0.10
3034,Div Payout,87.6,69.1,136.8,77.2,84.2,59.6,56.7,54.8,52.1,47.1,33.1
3034,Shares,"2,490","2,490","2,490","2,490","2,490","2,490","2,313","2,197","2,113","2,162","1,993"
3034,BVPS,3.06,3.01,2.86,2.96,2.46,2.36,2.00,1.91,1.69,1.61,1.18
3034,OCF,"2,061","1,387",366,-448,-856,626,-451,297,72,682,-365
3034,FCF,"1,909","1,252",101,-643,"-1,009",359,-651,161,-112,537,-556
3034,NP Margin,12.57,12.82,16.39,18.34,20.87,20.46,20.68,20.00,16.87,10.68,10.64
3034,ROE,9.42,10.12,16.19,17.91,19.62,20.57,22.17,20.63,17.42,12.63,12.78
3034,Revenue GR,-2.81,-17.56,13.60,18.11,8.12,11.34,16.59,8.07,-11.93,12.10,30.08
3034,Revenue GR 3Y avg,—,3.42,13.20,12.45,11.96,11.95,3.53,2.19,8.70,17.12,3.72
3034,Revenue GR 5Y avg,—,5.90,13.50,12.37,5.96,6.73,10.11,8.86,1.95,18.00,19.34
3034,Revenue GR 10Y avg,—,7.98,11.16,7.03,11.82,12.86,—,—,—,—,—
3034,NP GR,—,-12.08,5.12,8.04,13.58,19.39,29.06,26.12,22.10,61.55,6.16
3034,NP GR 3Y avg,—,-3.76,9.07,14.26,21.17,21.66,22.97,49.69,13.38,31.83,33.94
3034,NP GR 5Y avg,—,8.79,27.78,13.82,26.39,27.65,—,—,—,—,—
3034,NP GR 10Y avg,0.0,0.0,0.0,0.0,0.0,0.0,0.0,0.0,0.0,0.0,0.0
3034,EPS GR,-24.69,-35.50,1.52,3.77,4.67,7.84,14.52,23.20,42.40,3.71,13.84
3034,EPS GR 3Y avg,—,-12.08,3.31,5.41,8.93,15.02,26.19,22.08,18.91,56.13,5.42
3034,EPS GR 5Y avg,—,-5.17,6.37,10.57,17.80,17.58,18.86,46.19,11.59,30.29,35.26
3034,EPS GR 10Y avg,—,6.17,24.70,11.08,23.89,26.11,—,—,—,—,—
3034,OCF GR,—,278.93,—,—,—,—,—,312.00,-89.42,—,—
3034,FCF GR,—,—,—,—,—,—,—,—,—,—,—
3034,D/E,0.46,0.46,0.42,0.40,0.28,0.35,0.44,0.18,0.28,0.29,0.42
3034,Price,8.3500,8.6000,9.9800,9.8500,9.5500,8.8600,6.4800,4.6800,3.0100,1.7400,1.5900
3042,Year End,TTM,2020-12,2019-12,2018-12,2017-12,2016-12,2015-12,2014-12,2013-12,2012-12,2011-12
3042,Revenue,"6,222","6,462","11,457","12,047","10,363","7,602","8,150","10,901","11,128","11,501","11,266"
3042,NP,173,-13,177,225,405,238,221,-64,-64,98,153
3042,EPS,0.64,-0.05,0.66,0.83,1.50,0.88,0.81,-0.23,-0.23,0.36,0.56
3042,DPS,0.12,0.12,0.20,0.25,0.22,0.20,—,0.14,0.14,0.14,0.14
3042,Div Payout,18.7,—,44.0,19.3,14.2,38.2,—,—,—,38.5,12.1
3042,Shares,270,270,270,270,270,270,270,270,270,270,270
3042,BVPS,6.83,6.29,6.52,6.27,5.22,3.90,3.57,2.99,3.32,3.54,2.81
3042,OCF,272,96,868,-65,348,350,361,301,239,29,-216
3042,FCF,11,-234,354,-223,260,307,296,201,97,-21,-263
3042,NP Margin,2.79,-0.21,1.55,1.86,3.91,3.12,2.71,-0.59,-0.58,0.85,1.36
3042,ROE,9.78,-0.75,10.25,14.12,30.28,22.15,25.33,-7.95,-7.07,10.67,18.70
3042,Revenue GR,-10.69,-43.60,-4.90,16.25,36.31,-6.72,-25.23,-2.04,-3.25,2.08,33.69
3042,Revenue GR 3Y avg,—,-14.57,14.65,13.91,-1.67,-11.93,-10.85,-1.09,9.71,12.71,-1.35
3042,Revenue GR 5Y avg,—,-4.54,1.00,1.60,-2.06,-7.57,-0.67,6.30,-1.06,3.38,3.83
3042,Revenue GR 10Y avg,—,-2.62,3.61,0.26,0.62,-2.03,—,—,—,—,—
3042,NP GR,—,—,-9.32,0.59,—,—,30.98,—,—,-12.30,—
3042,NP GR 3Y avg,—,—,—,—,32.78,9.15,-3.86,—,—,11.42,85.07
3042,NP GR 5Y avg,—,—,1.99,—,21.63,42.13,—,—,—,—,—
3042,NP GR 10Y avg,0.0,0.0,0.0,0.0,0.0,0.0,0.0,0.0,0.0,0.0,0.0
3042,EPS GR,-222.90,—,-21.15,-44.57,70.57,7.71,—,—,—,-35.92,-42.91
3042,EPS GR 3Y avg,—,—,-9.33,0.61,—,—,30.93,—,—,-12.27,—
3042,EPS GR 5Y avg,—,—,—,—,32.76,9.15,-3.87,—,—,11.42,85.30
3042,EPS GR 10Y avg,—,—,1.98,—,21.62,42.22,—,—,—,—,—
3042,OCF GR,—,-88.90,—,—,-0.62,-3.02,19.97,25.72,733.34,—,—
3042,FCF GR,—,—,—,—,-15.24,3.71,46.90,108.39,—,—,—
3042,D/E,0.02,0.02,0.02,—,—,0.08,0.16,0.26,—,—,—
3042,Price,4.6000,5.2500,5.0200,6.2700,13.5400,4.1500,5.0000,2.5900,3.0000,2.8800,3.5400
3069,Year End,TTM,2020-12,2019-12,2018-12,2017-12,2016-12,2015-12,2014-12,2013-12,2012-12,2011-12
3069,Revenue,800,767,702,874,910,915,589,672,629,635,611
3069,NP,337,321,154,129,138,121,74,70,74,58,75
3069,EPS,0.36,0.35,0.19,0.15,0.17,0.17,0.15,0.14,0.15,0.11,0.14
3069,DPS,0.09,0.06,0.01,0.02,0.03,0.04,0.04,0.03,0.03,0.04,0.04
3069,Div Payout,25.4,8.6,8.5,11.9,13.2,23.2,23.3,24.7,21.2,34.9,22.3
3069,Shares,947,910,805,838,828,707,511,510,509,513,519
3069,BVPS,2.19,1.99,1.72,1.69,1.64,1.45,1.60,1.42,1.34,1.19,0.97
3069,OCF,439,295,42,39,115,123,132,156,123,115,103
3069,FCF,361,234,14,-12,85,-58,87,98,55,92,78
3069,NP Margin,42.15,41.89,21.90,14.79,15.20,13.19,12.62,10.39,11.78,9.12,12.30
3069,ROE,17.97,18.56,10.64,9.99,11.52,12.20,9.56,9.86,11.48,9.91,14.02
3069,Revenue GR,20.56,9.31,-19.71,-3.97,-0.58,55.51,-12.46,6.95,-1.03,4.06,16.66
3069,Revenue GR 3Y avg,—,-5.54,-8.48,14.08,10.61,13.34,-2.51,3.27,6.31,11.11,6.82
3069,Revenue GR 5Y avg,—,5.43,0.85,6.81,7.45,8.44,2.38,7.75,4.65,6.13,5.00
3069,Revenue GR 10Y avg,—,3.90,4.24,5.72,6.79,6.71,—,—,—,—,—
3069,NP GR,—,32.43,8.37,20.29,25.55,17.70,8.63,-2.36,4.34,-4.07,23.17
3069,NP GR 3Y avg,—,34.04,17.06,11.79,19.02,9.97,2.64,1.27,13.00,2.80,10.24
3069,NP GR 5Y avg,—,17.29,8.88,12.39,10.61,10.10,—,—,—,—,—
3069,NP GR 10Y avg,0.0,0.0,0.0,0.0,0.0,0.0,0.0,0.0,0.0,0.0,0.0
3069,EPS GR,19.81,96.16,16.67,-7.75,-4.24,20.20,5.88,-5.72,28.79,-21.91,16.32
3069,EPS GR 3Y avg,—,28.29,1.01,2.02,6.82,6.26,8.73,-1.76,5.37,-2.61,24.89
3069,EPS GR 5Y avg,—,19.43,5.58,1.17,8.15,3.83,3.15,2.32,14.40,4.08,11.56
3069,EPS GR 10Y avg,—,10.99,3.94,7.58,6.10,7.62,—,—,—,—,—
3069,OCF GR,—,602.88,8.48,-66.46,-6.49,-6.65,-15.59,26.76,7.02,11.97,5.61
3069,FCF GR,—,—,—,—,—,—,-10.88,77.97,-40.47,18.39,62.10
3069,D/E,0.28,0.28,0.02,0.37,0.10,0.02,0.03,0.03,0.01,0.01,0.02
3069,Price,7.2800,6.9000,5.1100,3.1000,3.6700,2.1500,2.4900,2.4000,2.1800,1.6000,1.6900
3107,Year End,TTM,2020-03,2019-03,2018-03,2017-03,2016-03,2015-03,2014-03,2013-03,2012-03,2011-03
3107,Revenue,235,243,245,285,372,375,378,348,305,300,298
3107,NP,16,12,57,36,38,51,56,68,58,72,79
3107,EPS,0.07,0.05,0.23,0.14,0.16,0.21,0.36,0.29,0.24,0.30,0.33
3107,DPS,0.13,0.13,0.13,0.13,0.13,0.13,0.10,0.11,0.10,0.10,0.07
3107,Div Payout,189.9,144.7,53.6,143.5,51.2,58.2,27.2,40.8,36.4,22.2,—
3107,Shares,239,240,240,241,241,241,154,231,241,241,241
3107,BVPS,2.26,2.33,2.37,2.25,2.41,2.26,2.09,1.97,1.90,1.70,—
3107,OCF,110,18,35,-34,196,64,33,63,40,109,92
3107,FCF,98,1,12,-38,191,53,22,9,29,98,80
3107,NP Margin,6.68,4.83,23.47,12.69,10.14,13.67,14.75,19.43,19.08,23.96,26.63
3107,ROE,2.86,2.09,10.25,6.52,6.76,9.45,10.93,14.16,12.91,17.62,22.83
3107,Revenue GR,-5.44,-0.65,-14.03,-23.50,-0.83,-0.74,8.51,14.17,1.66,0.57,—
3107,Revenue GR 3Y avg,—,-13.23,-13.28,-9.02,2.22,7.13,7.99,5.29,2.90,10.34,—
3107,Revenue GR 5Y avg,—,-8.45,-6.82,-1.38,4.39,4.68,6.18,9.29,11.53,13.79,—
3107,Revenue GR 10Y avg,—,-1.41,0.91,4.88,8.99,9.09,—,—,—,—,—
3107,NP GR,—,-32.24,3.86,-13.48,-17.72,-4.15,-8.13,-5.21,-1.37,7.97,—
3107,NP GR 3Y avg,—,-26.78,-3.23,-9.11,-12.11,-8.39,-1.68,3.45,13.67,21.08,—
3107,NP GR 5Y avg,—,-15.15,0.06,1.64,3.16,4.76,—,—,—,—,—
3107,NP GR 10Y avg,0.0,0.0,0.0,0.0,0.0,0.0,0.0,0.0,0.0,0.0,0.0
3107,EPS GR,74.11,-79.50,59.55,-4.22,-26.37,-41.24,28.91,16.27,-19.02,-9.54,—
3107,EPS GR 3Y avg,—,-32.08,4.01,-25.45,-17.69,-4.15,6.67,-5.21,-1.37,8.12,—
3107,EPS GR 5Y avg,—,-32.95,-3.15,-9.09,-12.09,-8.39,7.53,3.54,13.93,21.30,—
3107,EPS GR 10Y avg,—,-15.09,0.14,1.77,3.26,4.78,—,—,—,—,—
3107,OCF GR,—,-49.88,—,—,207.28,95.55,-48.15,56.65,-63.19,18.79,—
3107,FCF GR,—,-95.28,—,—,259.78,142.68,144.01,-69.55,-69.98,22.93,—
3107,D/E,0.03,0.02,0.03,0.03,0.03,0.03,0.01,—,—,—,0.01
3107,Price,1.8300,1.8300,1.2200,1.9300,1.9800,2.2400,2.3400,2.5300,8.1500,5.8000,6.1100
3158,Year End,TTM,2020-12,2019-12,2018-12,2017-12,2016-12,2015-12,2014-12,2013-12,2012-12,2011-12
3158,Revenue,176,180,366,354,344,370,306,391,303,269,214
3158,NP,7,7,41,16,32,38,19,47,43,48,44
3158,EPS,-0.03,-0.03,0.06,0.03,0.08,0.07,0.01,0.09,0.07,0.09,0.08
3158,DPS,0.03,0.03,—,0.01,—,—,—,0.01,0.03,0.03,0.06
3158,Div Payout,—,—,—,11.7,—,—,—,29.5,37.1,30.3,34.9
3158,Shares,528,528,528,526,525,508,533,543,571,563,560
3158,BVPS,2.31,2.36,2.27,1.77,1.74,1.70,1.63,1.60,1.51,1.50,1.37
3158,OCF,-4,169,125,20,33,-75,-8,48,-11,-38,-63
3158,FCF,-10,163,124,16,18,-77,-24,10,-71,-46,-95
3158,NP Margin,-9.68,-7.66,11.23,4.41,9.43,10.28,6.06,11.96,14.09,17.99,20.69
3158,ROE,-1.42,-1.15,3.95,1.69,3.52,4.27,2.12,5.36,5.03,5.98,5.73
3158,Revenue GR,-6.54,-50.85,3.39,2.79,-6.85,20.63,-21.51,28.84,12.57,25.76,-17.68
3158,Revenue GR 3Y avg,—,-19.46,-0.34,4.92,-4.10,6.85,4.41,22.18,5.24,2.97,-15.01
3158,Revenue GR 5Y avg,—,-10.11,-1.29,3.16,5.05,11.55,3.34,9.63,-2.76,-0.81,-3.44
3158,Revenue GR 10Y avg,—,-3.62,4.03,0.15,2.08,3.78,—,—,—,—,—
3158,NP GR,—,-40.60,2.63,-5.63,-11.42,-3.82,-27.34,1.79,-6.54,-2.29,-18.19
3158,NP GR 3Y avg,—,-18.19,-2.54,-18.24,-7.69,-3.02,-18.71,-2.09,-11.99,-9.74,-8.61
3158,NP GR 5Y avg,—,-18.45,-2.31,-15.17,-8.72,-5.86,—,—,—,—,—
3158,NP GR 10Y avg,0.0,0.0,0.0,0.0,0.0,0.0,0.0,0.0,0.0,0.0,0.0
3158,EPS GR,-408.77,—,161.62,-51.34,-18.35,114.30,-59.03,13.82,-13.07,8.90,-17.66
3158,EPS GR 3Y avg,—,—,1.30,-5.22,-10.50,-0.02,-25.99,2.52,-7.97,-5.37,-20.63
3158,EPS GR 5Y avg,—,—,-1.81,-16.87,-6.64,-1.10,-18.33,-3.46,-13.90,-11.39,-11.56
3158,EPS GR 10Y avg,—,—,-2.64,-15.40,-9.04,-6.48,—,—,—,—,—
3158,OCF GR,—,34.71,530.88,-40.56,—,—,—,—,—,—,—
3158,FCF GR,—,32.24,661.62,-10.85,—,—,—,—,—,—,—
3158,D/E,0.26,0.26,0.28,0.17,0.25,0.29,0.28,0.24,0.25,0.15,—
3158,Price,2.8100,2.7600,2.7200,1.3000,1.4000,1.5000,1.8200,2.0800,1.8300,1.8900,1.8000
3182,Year End,TTM,2020-12,2019-12,2018-12,2017-12,2016-12,2015-12,2014-12,2013-12,2012-12,2011-12
3182,Revenue,"11,564","11,564","21,617","20,853","20,019","18,365","18,100","18,217","17,112","17,259","19,559"
3182,NP,"-1,024","-1,024","1,995","1,365","1,445","2,147","1,388","1,496","1,810","3,984","5,145"
3182,EPS,-0.32,-0.27,0.52,0.36,0.38,0.57,0.37,0.39,0.49,1.08,0.77
3182,DPS,0.13,0.13,0.13,0.14,0.14,0.04,0.03,0.01,0.04,0.08,0.08
3182,Div Payout,—,—,10.9,67.0,22.8,9.7,8.5,2.3,8.7,15.1,12.6
3182,Shares,"3,852","3,850","3,850","3,838","3,839","3,742","3,728","3,848","3,696","3,693","3,701"
3182,BVPS,8.59,8.63,9.04,8.76,9.50,10.59,10.56,8.52,8.04,7.44,4.17
3182,OCF,"1,060","1,060","6,792","6,830","6,835","6,277","4,744","4,399","4,668","5,305","6,903"
3182,FCF,"-5,399","-5,399",-106,"2,182","3,326","1,943",472,64,-105,"2,275",532
3182,NP Margin,-8.86,-8.86,9.23,6.55,5.94,9.70,5.67,6.50,8.79,21.73,14.66
3182,ROE,-3.00,-3.00,5.73,4.01,3.14,4.36,2.83,3.69,5.12,16.63,17.32
3182,Revenue GR,-42.52,-46.50,3.66,4.16,9.00,1.47,-0.64,6.46,-0.85,-11.76,28.72
3182,Revenue GR 3Y avg,—,-16.72,5.58,4.83,3.20,2.39,1.60,-2.34,4.04,24.73,29.14
3182,Revenue GR 5Y avg,—,-8.57,3.48,4.03,3.01,-1.25,3.56,15.42,13.51,15.26,23.01
3182,Revenue GR 10Y avg,—,-2.69,9.29,8.67,8.96,10.22,12.74,—,—,—,—
3182,NP GR,—,—,-2.40,-0.54,-1.14,5.85,-29.63,-33.75,-19.04,30.73,73.60
3182,NP GR 3Y avg,—,—,5.93,-5.48,-18.35,-16.04,-16.46,-3.45,12.98,9.23,18.07
3182,NP GR 5Y avg,—,—,1.14,3.34,-5.57,-0.44,-2.63,—,—,—,—
3182,NP GR 10Y avg,0.0,0.0,0.0,0.0,0.0,0.0,0.0,0.0,0.0,0.0,0.0
3182,EPS GR,150.58,—,45.42,-5.48,-34.38,54.03,-4.00,-20.70,-54.63,39.55,29.85
3182,EPS GR 3Y avg,—,—,-3.38,-1.51,-1.00,5.45,-29.84,-20.52,-6.32,56.46,71.45
3182,EPS GR 5Y avg,—,—,5.93,-6.17,-18.98,-5.78,-8.94,6.63,26.12,14.99,12.83
3182,EPS GR 10Y avg,—,—,6.28,8.79,-3.48,3.11,0.56,—,—,—,—
3182,OCF GR,—,-84.38,-0.55,-0.07,8.89,32.34,7.82,-5.75,-12.02,-23.16,9.91
3182,FCF GR,—,—,—,-34.37,71.11,312.00,630.34,—,—,328.02,-54.46
3182,D/E,1.07,1.07,0.85,0.73,0.74,0.38,0.43,0.33,0.35,0.46,0.66
3182,Price,5.0300,4.4600,6.0500,6.1000,9.2000,8.0000,7.3400,8.8700,10.2600,9.2000,11.0000
3204,Year End,TTM,2020-01,2019-01,2018-01,2017-01,2016-01,2015-01,2014-01,2013-01,2012-01,2011-01
3204,Revenue,271,336,432,617,599,536,353,506,277,152,165
3204,NP,30,42,86,124,101,50,28,36,26,19,25
3204,EPS,0.06,0.08,0.15,0.22,0.18,0.09,0.05,0.06,0.05,0.03,0.04
3204,DPS,0.02,0.06,0.09,0.08,0.05,0.03,0.03,0.03,0.02,0.02,0.02
3204,Div Payout,35.6,64.3,42.7,35.2,33.3,41.3,47.9,52.0,58.1,58.1,—
3204,Shares,531,538,557,563,563,563,563,563,563,563,563
3204,BVPS,0.97,0.93,0.91,0.78,0.64,0.55,0.49,0.41,0.39,0.33,—
3204,OCF,10,10,-161,148,179,127,-67,117,65,4,10
3204,FCF,-9,-2,-164,144,172,122,-70,116,60,-3,2
3204,NP Margin,11.03,12.38,20.00,20.16,16.91,9.34,7.95,7.15,9.23,12.70,15.03
3204,ROE,5.97,8.49,17.96,28.41,28.06,16.44,10.51,15.07,12.27,11.15,15.92
3204,Revenue GR,8.22,-22.20,-30.04,3.01,11.70,51.83,-30.25,82.90,81.81,-7.75,—
3204,Revenue GR 3Y avg,—,-17.54,-6.98,20.44,5.76,24.66,32.37,45.30,30.41,12.50,—
3204,Revenue GR 5Y avg,—,-1.00,-3.14,17.39,31.51,26.58,23.12,36.48,25.24,10.18,—
3204,Revenue GR 10Y avg,—,10.40,14.97,21.25,20.37,18.97,—,—,—,—,—
3204,NP GR,—,-25.68,19.91,64.22,40.90,25.13,13.26,13.45,8.76,19.98,—
3204,NP GR 3Y avg,—,8.16,18.98,37.23,39.26,15.09,7.17,26.47,23.54,19.06,—
3204,NP GR 5Y avg,—,7.66,22.66,30.21,28.77,21.06,—,—,—,—,—
3204,NP GR 10Y avg,0.0,0.0,0.0,0.0,0.0,0.0,0.0,0.0,0.0,0.0,0.0
3204,EPS GR,5.26,-50.19,-29.83,22.86,102.23,78.29,-22.57,42.48,31.40,-21.82,—
3204,EPS GR 3Y avg,—,-24.56,20.36,64.23,40.81,25.29,13.18,13.54,8.69,19.81,—
3204,EPS GR 5Y avg,—,9.13,19.20,37.34,39.20,15.11,7.21,26.35,23.71,16.54,—
3204,EPS GR 10Y avg,—,8.17,22.72,30.35,27.37,22.17,—,—,—,—,—
3204,OCF GR,—,—,—,-17.32,41.58,—,—,78.62,—,-56.85,—
3204,FCF GR,—,—,—,-16.16,40.60,—,—,92.47,—,—,—
3204,D/E,—,—,—,—,—,—,0.02,0.03,0.05,0.10,0.07
3204,Price,0.7900,0.7900,0.5500,0.8700,1.0800,3.8200,3.0300,1.5900,1.2200,1.1600,0.9200
3255,Year End,TTM,2020-12,2019-12,2018-12,2017-12,2015-06,2014-06,2013-06,2012-06,2011-06,2010-06
3255,Revenue,"1,794","1,762","2,320","2,030","1,930","1,749","1,611","1,676","1,624","1,489","1,359"
3255,NP,171,154,313,283,270,214,198,218,207,181,153
3255,EPS,0.56,0.51,1.04,0.94,0.89,0.70,0.66,0.72,0.69,0.60,0.51
3255,DPS,0.66,0.66,0.96,0.90,1.00,0.65,0.69,0.75,0.54,0.45,0.41
3255,Div Payout,116.9,—,90.1,98.5,86.2,—,—,—,—,—,—
3255,Shares,302,302,302,302,302,302,302,302,302,302,302
3255,BVPS,1.40,0.98,1.00,0.90,0.88,—,—,—,—,—,—
3255,OCF,263,226,411,348,358,295,236,226,180,196,—
3255,FCF,209,165,303,267,281,257,197,180,120,163,—
3255,NP Margin,9.52,8.75,13.49,13.92,13.99,12.25,12.31,12.98,12.77,12.18,11.24
3255,ROE,39.08,41.48,81.80,77.23,74.91,58.45,54.88,58.40,46.28,36.73,33.44
3255,Revenue GR,6.17,-24.04,14.32,5.17,4.01,8.59,-3.92,3.24,9.07,—,—
3255,Revenue GR 3Y avg,—,-2.98,6.47,5.27,3.18,2.51,2.66,7.26,8.10,—,—
3255,Revenue GR 5Y avg,—,1.39,5.12,3.49,4.07,5.18,4.61,7.01,8.66,—,—
3255,Revenue GR 10Y avg,—,2.78,5.94,5.70,6.10,6.27,—,—,—,—,—
3255,NP GR,—,-17.04,8.78,8.18,4.91,1.08,3.00,12.53,13.46,—,—
3255,NP GR 3Y avg,—,-3.78,5.74,4.87,6.31,7.00,6.90,11.57,13.00,—,—
3255,NP GR 5Y avg,—,0.72,8.24,8.32,6.69,7.09,—,—,—,—,—
3255,NP GR 10Y avg,0.0,0.0,0.0,0.0,0.0,0.0,0.0,0.0,0.0,0.0,0.0
3255,EPS GR,29.06,-50.77,10.80,4.59,9.69,8.08,-8.89,4.80,14.50,—,—
3255,EPS GR 3Y avg,—,-17.06,8.78,8.18,4.92,1.06,3.02,12.55,13.49,—,—
3255,EPS GR 5Y avg,—,-3.79,5.75,4.85,6.32,7.02,6.90,11.54,12.99,—,—
3255,EPS GR 10Y avg,—,0.71,8.23,8.31,6.69,7.10,—,—,—,—,—
3255,OCF GR,—,-44.98,18.05,-2.63,8.01,24.89,4.71,25.15,-8.19,—,—
3255,FCF GR,—,-45.54,13.56,-5.00,3.64,30.28,9.38,49.85,-26.26,—,—
3255,D/E,0.01,0.02,0.01,—,—,0.13,0.14,0.41,0.40,—,—
3255,Price,25.8000,23.0200,27.1200,20.4600,18.9000,16.3800,14.2800,13.1400,19.0600,13.3600,10.1400
3298,Year End,TTM,2020-06,2019-06,2018-06,2017-06,2016-06,2015-06,2014-06,2013-06,2012-06,2011-06
3298,Revenue,79,92,107,100,113,141,150,145,125,149,147
3298,NP,13,15,8,-20,22,16,14,8,8,6,12
3298,EPS,0.06,0.07,0.03,-0.10,0.11,0.08,0.07,0.04,0.04,0.03,0.06
3298,DPS,0.05,0.05,0.05,0.05,0.04,0.04,0.04,0.05,0.05,0.05,0.04
3298,Div Payout,79.4,69.4,94.3,—,32.6,60.0,—,90.9,238.1,66.7,—
3298,Shares,200,200,200,200,200,200,200,200,200,200,200
3298,BVPS,1.30,1.10,1.01,1.05,1.21,1.09,1.08,1.05,1.04,1.01,—
3298,OCF,25,30,1,16,18,25,15,6,20,9,19
3298,FCF,23,30,1,16,17,22,-5,5,19,9,13
3298,NP Margin,16.01,16.86,7.31,-19.90,19.71,11.31,9.34,5.56,6.80,4.14,8.25
3298,ROE,5.28,6.82,3.62,-8.62,9.63,7.30,6.47,3.77,4.07,3.00,6.01
3298,Revenue GR,-29.05,-14.08,6.34,-11.06,-20.26,-5.82,3.33,16.69,-16.19,1.25,—
3298,Revenue GR 3Y avg,—,-6.68,-8.98,-12.59,-8.11,4.33,0.35,-0.33,-7.96,-3.70,—
3298,Revenue GR 5Y avg,—,-9.41,-6.00,-4.24,-5.37,-0.74,-1.23,-2.67,-6.79,—,—
3298,Revenue GR 10Y avg,—,-5.41,-4.35,-5.52,—,—,—,—,—,—,—
3298,NP GR,—,-11.41,-21.32,—,40.12,23.59,31.58,-12.61,-18.91,-4.12,—
3298,NP GR 3Y avg,—,1.95,-0.72,—,29.27,5.74,-2.47,2.95,-17.42,—,—
3298,NP GR 5Y avg,—,-0.28,1.10,—,—,—,—,—,—,—,—
3298,NP GR 10Y avg,0.0,0.0,0.0,0.0,0.0,0.0,0.0,0.0,0.0,0.0,0.0
3298,EPS GR,-73.68,97.44,—,—,38.75,14.29,75.00,-4.76,35.48,-48.33,—
3298,EPS GR 3Y avg,—,-11.48,-21.30,—,40.53,23.96,31.19,-12.64,-18.99,-3.96,—
3298,EPS GR 5Y avg,—,1.92,-0.51,—,29.06,5.92,-2.39,2.71,-24.12,—,—
3298,EPS GR 10Y avg,—,-0.26,1.09,—,—,—,—,—,—,—,—
3298,OCF GR,—,—,-91.65,-9.93,-29.37,68.15,161.60,-71.64,109.60,-49.62,—
3298,FCF GR,—,—,-93.14,-7.70,-22.48,—,—,-75.30,119.34,-35.56,—
3298,D/E,—,—,—,—,—,—,—,—,—,—,—
3298,Price,1.0700,1.1600,0.6950,0.6600,0.9800,0.8550,0.8050,0.7450,0.5600,0.6000,0.6000
3301,Year End,TTM,2020-06,2019-06,2018-06,2017-06,2016-06,2015-06,2014-06,2013-06,2012-06,2011-06
3301,Revenue,"2,458","2,291","2,728","2,488","2,272","2,185","2,131","2,021","2,220","2,153","1,803"
3301,NP,222,169,327,335,103,247,173,168,148,132,219
3301,EPS,0.71,0.54,1.04,1.08,0.33,0.80,0.56,0.54,0.48,0.42,0.71
3301,DPS,0.42,0.42,0.40,0.37,0.35,0.32,0.29,0.25,0.26,0.23,0.18
3301,Div Payout,58.7,47.2,32.8,88.2,37.8,41.8,48.7,46.0,53.6,51.1,—
3301,Shares,—,314,314,310,309,308,308,308,308,308,311
3301,BVPS,6.06,5.57,5.19,4.43,4.62,4.13,3.73,3.97,3.55,3.55,—
3301,OCF,574,423,503,478,378,332,234,193,223,170,429
3301,FCF,520,366,465,441,320,276,178,142,155,136,130
3301,NP Margin,9.05,7.39,11.99,13.45,4.54,11.32,8.13,8.29,6.65,6.13,12.17
3301,ROE,11.96,10.24,21.19,24.50,8.01,19.85,14.14,13.78,12.55,11.58,17.65
3301,Revenue GR,19.95,-16.01,9.62,9.51,4.01,2.52,5.41,-8.95,3.12,19.40,—
3301,Revenue GR 3Y avg,—,0.28,7.68,5.30,3.97,-0.54,-0.34,3.88,14.33,-7.03,—
3301,Revenue GR 5Y avg,—,1.46,6.18,2.31,1.08,3.91,7.48,-5.48,-6.43,-5.17,—
3301,Revenue GR 10Y avg,—,4.43,0.18,-2.16,-2.09,-1.63,—,—,—,—,—
3301,NP GR,—,17.99,9.78,24.54,-14.94,18.76,9.48,-8.60,-8.75,20.70,—
3301,NP GR 3Y avg,—,-0.46,14.32,17.79,-4.82,2.42,-2.27,17.41,-3.65,0.42,—
3301,NP GR 5Y avg,—,-1.37,15.86,6.53,-2.24,18.99,—,—,—,—,—
3301,NP GR 10Y avg,0.0,0.0,0.0,0.0,0.0,0.0,0.0,0.0,0.0,0.0,0.0
3301,EPS GR,75.55,-48.25,-3.31,222.95,-58.37,42.68,3.42,13.50,11.80,-39.38,—
3301,EPS GR 3Y avg,—,17.35,9.14,24.25,-14.99,18.76,9.48,-8.38,-5.07,25.59,—
3301,EPS GR 5Y avg,—,-0.82,13.92,17.63,-4.86,2.57,0.08,20.24,-1.25,1.31,—
3301,EPS GR 10Y avg,—,-0.37,17.04,7.78,-1.82,19.78,—,—,—,—,—
3301,OCF GR,—,-15.94,5.18,26.51,14.06,41.60,21.22,-13.27,31.09,-60.39,—
3301,FCF GR,—,-21.31,5.52,37.79,15.80,55.23,24.93,-7.93,13.93,4.76,—
3301,D/E,0.01,0.01,—,—,—,—,—,0.04,0.60,0.35,0.11
3301,Price,9.3900,8.0100,11.2800,11.3600,10.1400,8.3300,4.4300,6.6800,4.5200,3.9300,4.0100
3336,Year End,TTM,2021-03,2020-03,2019-03,2018-03,2017-03,2016-03,2015-03,2014-03,2013-03,2012-03
3336,Revenue,"5,623","5,623","6,533","5,607","6,026","6,065","5,128","5,448","6,006","4,662","4,518"
3336,NP,478,478,294,419,350,654,794,481,830,421,409
3336,EPS,0.11,0.11,0.07,0.12,0.10,0.18,0.22,0.15,0.14,0.15,0.15
3336,DPS,0.03,0.03,0.04,0.05,0.07,0.07,0.09,0.07,0.07,0.06,0.06
3336,Div Payout,25.2,34.4,34.5,91.2,47.7,55.2,50.1,57.4,21.0,38.3,65.2
3336,Shares,"3,626","3,626","3,629","3,628","3,637","3,644","3,639","3,282","5,745","2,813","2,805"
3336,BVPS,3.00,2.93,2.88,2.56,2.62,2.53,2.50,2.34,2.23,2.00,1.83
3336,OCF,—,—,—,—,—,—,—,—,—,—,—
3336,FCF,707,707,951,-496,126,"1,135",449,-177,-147,-43,293
3336,NP Margin,7.68,7.68,3.84,7.47,5.80,10.78,15.48,8.83,13.81,9.03,9.05
3336,ROE,4.06,4.06,2.43,4.26,3.68,7.06,9.09,6.34,13.44,7.68,7.87
3336,Revenue GR,-21.78,-13.93,16.52,-6.96,-0.64,18.28,-5.88,-9.29,28.83,3.18,21.42
3336,Revenue GR 3Y avg,—,-2.28,2.51,3.02,3.42,0.33,3.23,6.44,17.30,5.12,-0.61
3336,Revenue GR 5Y avg,—,1.86,3.70,-1.37,5.27,6.07,6.62,6.30,5.47,0.11,14.35
3336,Revenue GR 10Y avg,—,4.22,4.99,2.00,2.65,10.13,10.38,—,—,—,—
3336,NP GR,—,10.98,-23.39,-19.18,-10.07,-7.63,23.54,5.54,37.19,8.17,12.12
3336,NP GR 3Y avg,—,-9.63,-9.38,-12.77,-3.63,9.83,19.82,7.66,23.38,—,16.05
3336,NP GR 5Y avg,—,4.06,-1.23,3.74,—,12.90,14.70,—,—,—,—
3336,NP GR 10Y avg,0.0,0.0,0.0,0.0,0.0,0.0,0.0,0.0,0.0,0.0,0.0
3336,EPS GR,162.24,72.21,-40.17,20.06,-46.38,-17.74,171.35,-72.17,93.05,2.57,26.83
3336,EPS GR 3Y avg,—,7.35,-27.24,-19.10,6.17,-14.68,13.39,-18.01,35.93,6.40,—
3336,EPS GR 5Y avg,—,-11.41,-2.98,-16.75,-8.45,4.23,13.66,-8.34,—,—,1.99
3336,EPS GR 10Y avg,—,0.34,-5.69,—,—,3.10,6.13,—,—,—,—
3336,OCF GR,—,-20.39,—,-88.63,-41.38,96.60,37.89,73.94,-54.65,-2.34,26.52
3336,FCF GR,—,-25.57,—,—,-88.90,152.88,—,—,—,—,15.40
3336,D/E,0.46,0.46,0.45,0.48,0.31,0.45,0.49,0.49,0.49,0.62,0.64
3336,Price,1.6900,1.6900,1.5900,2.2200,2.6800,3.4000,3.5300,7.2000,6.1400,5.4500,5.6300
3379,Year End,TTM,2020-06,2019-06,2018-06,2017-06,2016-06,2015-06,2014-06,2013-06,2012-06,2011-06
3379,Revenue,297,203,219,362,360,298,480,301,303,243,236
3379,NP,235,15,82,91,181,77,91,160,62,13,101
3379,EPS,0.35,0.02,0.12,0.14,0.21,0.12,0.14,0.24,0.09,0.02,0.15
3379,DPS,0.02,0.02,0.02,0.01,0.01,0.01,0.01,0.01,0.01,—,—
3379,Div Payout,5.7,85.4,18.7,9.0,3.6,9.0,7.7,5.4,15.8,—,—
3379,Shares,663,663,663,663,663,663,663,666,679,684,686
3379,BVPS,2.96,2.61,2.59,2.47,2.30,1.98,1.88,1.77,1.53,1.40,—
3379,OCF,50,126,-45,144,-7,-75,-14,-103,101,-169,50
3379,FCF,49,121,-51,140,-24,-93,-31,-109,98,-176,45
3379,NP Margin,79.00,7.31,37.36,25.02,50.25,25.95,18.97,53.31,20.46,5.19,42.99
3379,ROE,12.69,0.85,4.83,5.65,12.47,5.92,7.40,14.41,6.21,1.33,11.46
3379,Revenue GR,21.38,-7.16,-39.48,0.47,20.83,-37.94,59.65,-0.75,24.89,2.93,—
3379,Revenue GR 3Y avg,—,-17.35,-9.76,-9.01,6.18,-0.56,25.55,8.46,-10.73,0.12,—
3379,Revenue GR 5Y avg,—,-15.80,-6.15,3.61,8.21,4.80,2.43,4.47,5.36,2.73,—
3379,Revenue GR 10Y avg,—,-7.13,-0.99,4.48,5.44,6.20,—,—,—,—,—
3379,NP GR,—,-56.53,1.88,-0.22,4.11,7.64,93.38,16.52,5.18,-37.62,—
3379,NP GR 3Y avg,—,-30.42,-12.59,7.85,70.40,-5.27,11.32,25.31,30.22,-29.89,—
3379,NP GR 5Y avg,—,-11.99,4.66,18.51,9.30,13.86,—,—,—,—,—
3379,NP GR 10Y avg,0.0,0.0,0.0,0.0,0.0,0.0,0.0,0.0,0.0,0.0,0.0
3379,EPS GR,-235.57,-81.85,-9.64,-33.58,76.18,-15.00,-43.03,163.68,396.74,-87.50,—
3379,EPS GR 3Y avg,—,-52.24,1.88,-0.18,-5.16,8.49,95.41,17.86,10.67,-39.48,—
3379,EPS GR 5Y avg,—,-30.42,-12.53,8.36,62.05,-4.54,15.28,23.75,31.60,-29.20,—
3379,EPS GR 10Y avg,—,-10.44,4.04,19.42,7.11,14.85,—,—,—,—,—
3379,OCF GR,—,—,—,—,—,—,—,—,—,—,—
3379,FCF GR,—,—,—,—,—,—,—,—,—,—,—
3379,D/E,0.02,0.02,0.04,0.05,0.06,0.06,0.04,0.04,0.02,0.02,—
3379,Price,0.8450,0.6400,0.7550,0.8750,1.0700,0.6450,0.8200,1.1900,0.5000,0.4100,0.5000
3417,Year End,TTM,2020-03,2019-03,2018-03,2017-03,2016-03,2015-03,2014-03,2013-03,2012-03,2011-03
3417,Revenue,262,487,886,983,705,422,449,497,606,492,271
3417,NP,-202,-196,62,97,87,37,152,113,130,123,32
3417,EPS,-0.14,-0.14,0.05,0.07,0.07,0.03,0.12,0.09,0.10,0.10,0.03
3417,DPS,0.01,0.03,—,0.03,0.02,—,0.03,0.04,0.04,0.02,0.03
3417,Div Payout,—,87.0,—,34.6,—,—,33.0,50.8,35.0,125.8,—
3417,Shares,"1,432","1,432","1,317","1,308","1,284","1,271","1,287","1,285","1,282","1,254","1,219"
3417,BVPS,1.22,1.38,1.29,1.37,1.26,1.29,1.16,1.12,0.97,0.96,—
3417,OCF,-57,-89,471,47,66,-205,-579,99,78,10,-10
3417,FCF,-60,-129,465,45,62,-213,-591,78,-4,-40,-61
3417,NP Margin,-77.20,-40.25,6.99,9.88,12.29,8.81,33.84,22.78,21.40,25.09,11.87
3417,ROE,-10.85,-10.38,3.21,5.48,5.19,2.30,9.89,7.91,9.67,10.52,3.07
3417,Revenue GR,-69.35,-45.08,-9.81,39.44,66.93,-6.08,-9.58,-17.90,23.04,81.42,—
3417,Revenue GR 3Y avg,—,-11.60,28.05,29.79,12.34,-11.33,-2.98,22.37,19.78,17.36,—
3417,Revenue GR 5Y avg,—,1.61,12.26,10.17,7.45,9.25,4.99,10.30,3.24,-14.17,—
3417,Revenue GR 10Y avg,—,3.28,11.28,6.65,-3.97,-1.68,35.76,—,—,—,—
3417,NP GR,—,—,18.52,-13.88,-8.55,-34.03,7.20,52.05,22.48,—,—
3417,NP GR 3Y avg,—,—,-11.37,-5.60,-6.85,2.92,16.62,—,0.11,15.08,—
3417,NP GR 5Y avg,—,—,—,-2.79,3.54,4.90,25.78,—,—,—,—
3417,NP GR 10Y avg,0.0,0.0,0.0,0.0,0.0,0.0,0.0,0.0,0.0,0.0,0.0
3417,EPS GR,-95.42,—,-35.48,7.99,130.87,-75.29,34.36,-12.89,2.57,273.18,—
3417,EPS GR 3Y avg,—,—,17.17,-14.91,-8.48,-33.87,6.28,49.40,20.36,—,—
3417,EPS GR 5Y avg,—,—,-11.79,-6.33,-7.29,2.06,15.33,—,-12.68,-3.83,—
3417,EPS GR 10Y avg,—,—,—,-9.56,-5.58,-10.10,8.03,—,—,—,—
3417,OCF GR,—,—,898.23,-28.28,—,—,—,26.97,666.19,—,—
3417,FCF GR,—,—,939.37,-27.35,—,—,—,—,—,—,—
3417,D/E,0.63,0.45,0.45,0.68,0.74,0.82,0.44,0.38,0.35,0.25,0.42
3417,Price,0.6000,0.6000,0.3700,0.9050,1.4200,1.9300,1.6500,2.0000,2.1200,1.5800,1.5000
3514,Year End,TTM,2020-12,2019-12,2018-12,2017-12,2016-12,2015-12,2014-12,2013-12,2012-12,2011-12
3514,Revenue,154,145,150,151,155,181,168,152,119,115,128
3514,NP,16,15,16,14,14,17,20,18,15,15,14
3514,EPS,0.02,0.01,0.01,0.01,0.01,0.02,0.02,0.02,0.02,0.02,0.02
3514,DPS,—,—,—,0.01,0.01,0.01,—,0.01,0.02,0.01,0.01
3514,Div Payout,19.5,22.0,23.3,40.6,32.6,43.8,10.7,51.0,110.5,45.2,44.3
3514,Shares,"1,054","1,054","1,054","1,054","1,054","1,054","1,054","1,021",917,838,818
3514,BVPS,0.21,0.20,0.19,0.18,0.17,0.16,0.15,0.13,0.13,0.14,0.13
3514,OCF,29,26,8,15,21,14,5,18,10,4,19
3514,FCF,29,26,4,15,19,14,5,18,10,4,18
3514,NP Margin,10.54,10.11,10.35,9.11,8.89,9.59,11.85,11.89,12.62,12.94,11.10
3514,ROE,7.68,7.03,7.88,7.41,7.75,10.28,12.86,14.29,14.49,15.20,15.00
3514,Revenue GR,30.40,-3.04,-1.05,-2.16,-14.32,7.74,10.36,27.36,3.76,-10.35,13.41
3514,Revenue GR 3Y avg,—,-2.09,-6.04,-3.34,0.62,14.84,13.40,5.81,1.80,7.29,10.95
3514,Revenue GR 5Y avg,—,-2.82,-0.27,4.89,6.13,7.09,8.20,10.29,4.90,7.64,14.34
3514,Revenue GR 10Y avg,—,2.54,4.88,4.90,6.88,10.66,—,—,—,—,—
3514,NP GR,—,2.21,-3.62,-11.45,-8.68,4.81,10.13,8.28,18.89,40.27,48.73
3514,NP GR 3Y avg,—,-5.87,-3.00,-1.72,-1.56,4.02,17.28,27.36,28.32,29.89,35.80
3514,NP GR 5Y avg,—,5.07,11.15,12.30,13.08,18.85,—,—,—,—,—
3514,NP GR 10Y avg,0.0,0.0,0.0,0.0,0.0,0.0,0.0,0.0,0.0,0.0,0.0
3514,EPS GR,62.50,-5.44,13.08,—,-20.73,-12.77,6.21,7.93,-7.34,1.83,54.25
3514,EPS GR 3Y avg,—,2.26,-3.58,-11.57,-9.78,—,2.03,0.61,13.32,36.33,43.73
3514,EPS GR 5Y avg,—,-5.86,-3.65,-4.54,-5.99,-1.16,10.78,20.44,22.88,31.86,38.59
3514,EPS GR 10Y avg,—,2.12,7.72,8.31,11.34,17.04,—,—,—,—,—
3514,OCF GR,—,227.21,-46.15,-28.79,46.03,175.99,-71.55,75.81,180.37,-79.96,622.62
3514,FCF GR,—,500.02,-70.04,-25.32,42.79,185.01,-73.44,75.28,185.74,-80.40,839.09
3514,D/E,0.02,0.02,0.02,—,—,—,—,—,—,—,—
3514,Price,0.1350,0.1250,0.1150,0.1200,0.1400,0.1500,0.1550,0.1600,0.1500,0.1400,0.1700
3662,Year End,TTM,2020-12,2019-12,2018-12,2017-12,2016-12,2015-12,2014-12,2013-12,2012-12,2011-12
3662,Revenue,"2,735","2,681","2,682","2,424","2,402","2,539","2,302","2,287","2,306","2,028","1,918"
3662,NP,40,5,43,18,69,81,21,68,67,29,81
3662,EPS,0.04,0.01,0.03,0.03,0.12,0.14,0.04,0.12,0.12,0.06,0.24
3662,DPS,0.01,0.01,0.02,0.05,0.06,0.05,0.05,0.03,0.11,—,0.01
3662,Div Payout,28.4,—,35.9,585.1,43.0,50.9,89.4,56.1,55.6,—,14.0
3662,Shares,"1,269","1,235","1,330",550,575,575,563,563,563,491,338
3662,BVPS,1.07,1.05,1.09,1.45,1.47,1.39,1.34,1.27,1.19,1.14,1.25
3662,OCF,62,205,139,79,119,42,73,-7,191,-25,60
3662,FCF,8,132,-74,-194,-56,-32,-21,-111,82,-150,-57
3662,NP Margin,1.46,0.20,1.61,0.73,2.85,3.18,0.89,2.96,2.90,1.41,4.22
3662,ROE,3.73,0.50,4.52,2.15,8.22,10.08,2.74,9.69,10.23,4.90,16.31
3662,Revenue GR,8.33,-0.03,10.64,0.89,-5.37,10.29,0.67,-0.84,13.68,5.74,23.36
3662,Revenue GR 3Y avg,—,3.72,1.84,1.73,1.66,3.26,4.31,6.03,14.03,19.09,16.97
3662,Revenue GR 5Y avg,—,3.09,3.24,1.00,3.44,5.76,8.16,13.74,13.98,14.49,19.29
3662,Revenue GR 10Y avg,—,5.60,8.36,7.29,8.83,12.32,—,—,—,—,—
3662,NP GR,—,-57.10,-18.82,-4.71,0.39,6.47,-10.35,-5.72,-7.57,-23.18,11.74
3662,NP GR 3Y avg,—,-23.41,-8.59,-23.30,19.19,-0.01,-24.69,1.51,2.93,-9.36,23.37
3662,NP GR 5Y avg,—,-24.06,-3.67,-11.15,3.94,11.07,—,—,—,—,—
3662,NP GR 10Y avg,0.0,0.0,0.0,0.0,0.0,0.0,0.0,0.0,0.0,0.0,0.0
3662,EPS GR,-178.44,-83.88,3.72,-72.90,-15.18,284.56,-69.66,1.21,104.94,-46.09,-52.33
3662,EPS GR 3Y avg,—,-64.35,-37.99,-4.02,-0.35,5.70,-14.30,3.79,-19.25,-29.75,-11.32
3662,EPS GR 5Y avg,—,-31.78,-22.58,-22.95,15.47,5.46,-30.54,-6.39,-5.08,-14.20,5.89
3662,EPS GR 10Y avg,—,-31.16,-14.87,-14.48,-0.46,5.68,—,—,—,—,—
3662,OCF GR,—,47.32,75.88,-33.42,181.45,-42.07,—,—,—,—,298.05
3662,FCF GR,—,—,—,—,—,—,—,—,—,—,—
3662,D/E,0.21,0.23,0.22,0.18,0.09,0.07,0.07,0.04,0.04,0.04,—
3662,Price,0.9000,0.6500,0.6400,0.4800,1.9100,1.3500,1.3200,1.5500,1.5200,1.2800,3.6000
3689,Year End,TTM,2020-09,2019-09,2018-09,2017-09,2016-09,2015-09,2014-09,2013-09,2012-09,2011-09
3689,Revenue,"4,046","3,988","4,076","4,110","4,101","4,168","4,060","3,819","3,508","3,239","3,915"
3689,NP,420,410,410,385,323,385,280,259,261,274,383
3689,EPS,1.14,1.11,1.12,1.04,0.88,1.05,0.76,0.70,0.71,0.75,1.06
3689,DPS,0.60,0.60,0.57,0.57,0.57,0.63,0.55,0.52,0.43,0.67,0.58
3689,Div Payout,52.5,56.1,50.0,65.5,59.8,58.5,98.7,39.4,61.8,69.3,56.8
3689,Shares,368,368,368,368,368,368,366,366,365,363,361
3689,BVPS,7.69,7.22,6.71,6.02,5.76,5.23,4.84,4.42,4.25,4.03,4.33
3689,OCF,694,343,578,549,220,488,338,360,431,99,421
3689,FCF,527,133,440,367,64,339,265,299,359,-114,110
3689,NP Margin,10.39,10.29,10.07,9.37,7.88,9.25,6.90,6.79,7.43,8.46,9.79
3689,ROE,15.44,15.72,16.95,17.33,15.69,19.94,15.71,15.54,16.27,17.61,22.84
3689,Revenue GR,8.58,-2.17,-0.82,0.21,-1.59,2.64,6.32,8.85,8.32,-17.28,7.63
3689,Revenue GR 3Y avg,—,-0.93,-0.74,0.41,2.41,5.91,7.83,-0.83,-1.20,-4.66,2.92
3689,Revenue GR 5Y avg,—,-0.36,1.31,3.22,4.84,1.26,2.22,0.43,-0.47,2.48,15.04
3689,Revenue GR 10Y avg,—,0.92,0.87,1.36,3.65,7.93,7.69,—,—,—,—
3689,NP GR,—,8.27,2.11,11.20,7.62,13.92,0.73,-12.19,-27.85,4.10,28.70
3689,NP GR 3Y avg,—,7.94,9.60,8.12,3.37,0.12,-16.60,1.32,7.72,10.60,21.82
3689,NP GR 5Y avg,—,-5.12,5.38,7.92,6.92,10.44,7.82,—,—,—,—
3689,NP GR 10Y avg,0.0,0.0,0.0,0.0,0.0,0.0,0.0,0.0,0.0,0.0,0.0
3689,EPS GR,1.44,0.09,6.79,18.75,-16.03,37.17,7.76,-0.70,-5.31,-28.87,-45.42
3689,EPS GR 3Y avg,—,8.27,2.12,11.00,7.47,13.65,0.44,-12.55,-28.36,6.23,31.33
3689,EPS GR 5Y avg,—,7.89,9.50,7.92,3.14,-0.23,-17.02,2.42,8.82,11.94,21.46
3689,EPS GR 10Y avg,—,-5.38,5.90,8.36,7.45,10.08,7.52,—,—,—,—
3689,OCF GR,—,-40.76,5.37,149.51,-54.96,44.61,-6.23,-16.52,335.47,-76.48,-17.63
3689,FCF GR,—,-69.72,19.88,471.17,-81.00,27.66,-11.37,-16.58,—,—,-67.26
3689,D/E,0.01,—,0.04,0.05,0.09,0.19,0.16,0.18,0.09,—,0.10
3689,Price,30.0000,32.1000,34.9000,37.7200,24.6600,24.0600,18.3000,16.9800,18.6000,18.2000,16.5000
3719,Year End,TTM,2020-03,2019-03,2018-03,2017-03,2016-03,2015-03,2014-03,2013-03,2012-03,2011-03
3719,Revenue,914,"1,052","1,128","1,199","1,123","1,087",931,899,865,—,761
3719,NP,101,117,106,131,127,147,100,81,75,66,83
3719,EPS,1.67,1.93,1.74,2.16,2.09,2.42,1.64,1.33,1.24,1.09,1.36
3719,DPS,1.98,2.26,1.48,1.17,1.39,0.50,0.50,0.50,0.50,0.50,0.50
3719,Div Payout,118.6,125.6,82.7,53.7,61.8,22.5,32.2,39.6,44.6,36.7,—
3719,Shares,—,61,61,61,61,61,61,61,61,61,61
3719,BVPS,12.78,13.09,13.56,14.25,13.24,12.38,11.58,10.61,10.88,10.65,—
3719,OCF,87,119,121,127,92,117,92,110,90,53,66
3719,FCF,39,68,66,74,49,86,76,84,67,17,44
3719,NP Margin,11.07,11.12,9.38,10.93,11.32,13.52,10.69,8.98,8.69,—,10.86
3719,ROE,12.88,14.15,12.31,15.38,15.88,19.62,14.41,12.14,11.41,10.26,13.05
3719,Revenue GR,-2.39,-6.73,-5.94,6.78,3.33,16.73,3.54,4.00,—,—,—
3719,Revenue GR 3Y avg,—,-2.15,1.25,8.80,7.69,7.92,—,5.70,8.35,—,—
3719,Revenue GR 5Y avg,—,2.47,4.64,6.76,—,7.37,6.49,8.40,8.98,—,—
3719,Revenue GR 10Y avg,—,4.46,6.50,7.86,7.57,5.36,—,—,—,—,—
3719,NP GR,—,-2.73,-10.38,9.59,16.31,25.07,14.44,-0.77,5.01,10.09,—
3719,NP GR 3Y avg,—,3.28,5.53,11.78,13.87,12.18,8.95,10.17,7.37,7.35,—
3719,NP GR 5Y avg,—,6.08,7.83,9.55,10.56,15.24,—,—,—,—,—
3719,NP GR 10Y avg,0.0,0.0,0.0,0.0,0.0,0.0,0.0,0.0,0.0,0.0,0.0
3719,EPS GR,17.02,10.92,-19.44,3.35,-13.64,47.56,23.31,7.26,13.76,-19.85,—
3719,EPS GR 3Y avg,—,-2.62,-10.41,9.62,16.26,24.97,14.59,-0.74,5.04,9.95,—
3719,EPS GR 5Y avg,—,3.31,5.52,11.74,13.91,12.22,8.92,10.16,7.34,7.20,—
3719,EPS GR 10Y avg,—,6.08,7.81,9.52,10.50,15.16,—,—,—,—,—
3719,OCF GR,—,-1.72,-5.16,37.86,-20.94,27.40,-16.48,22.40,69.30,-19.93,—
3719,FCF GR,—,2.82,-10.07,51.44,-43.57,13.04,-9.28,25.20,306.80,-62.64,—
3719,D/E,—,—,—,—,—,—,—,—,—,—,—
3719,Price,31.0000,31.0000,26.8800,37.7000,34.6000,34.9000,29.6800,23.2000,21.9400,21.7800,22.0000
3743,Year End,TTM,2020-09,2019-09,2018-09,2017-09,2016-09,2014-03,2013-03,2012-03,2011-03,2010-03
3743,Revenue,192,197,534,491,398,202,35,18,18,20,19
3743,NP,21,29,135,102,91,44,4,1,2,2,2
3743,EPS,0.02,0.03,0.16,0.19,0.11,0.06,0.01,—,0.01,0.01,0.01
3743,DPS,0.02,—,—,—,—,—,—,—,—,—,—
3743,Div Payout,83.7,—,—,—,—,—,—,—,—,—,—
3743,Shares,896,896,842,799,799,765,242,230,230,230,230
3743,BVPS,1.14,1.14,1.04,1.06,0.93,0.82,—,—,—,—,—
3743,OCF,25,100,27,-52,151,-177,—,—,—,—,—
3743,FCF,26,98,20,-58,131,-177,6,17,11,3,—
3743,NP Margin,11.12,14.76,25.36,20.67,22.77,21.66,10.05,5.28,9.39,11.18,9.89
3743,ROE,2.10,2.87,14.47,12.38,12.52,6.95,4.48,1.39,2.45,3.42,2.94
3743,Revenue GR,-7.53,-63.11,8.70,23.34,96.88,100.49,91.72,2.98,-12.21,—,—
3743,Revenue GR 3Y avg,—,-20.92,38.20,79.26,97.71,71.21,20.13,-1.43,-3.58,—,—
3743,Revenue GR 5Y avg,—,30.16,67.72,66.33,57.83,43.49,12.09,1.20,-1.93,—,—
3743,Revenue GR 10Y avg,—,21.97,34.64,32.19,31.24,—,—,—,—,—,—
3743,NP GR,—,-31.56,45.65,110.39,173.54,106.11,15.92,-20.04,-2.55,—,—
3743,NP GR 3Y avg,—,38.08,113.50,87.77,76.05,61.87,14.35,45.63,—,—,—
3743,NP GR 5Y avg,—,27.21,80.77,—,—,—,—,—,—,—,—
3743,NP GR 10Y avg,0.0,0.0,0.0,0.0,0.0,0.0,0.0,0.0,0.0,0.0,0.0
3743,EPS GR,-43.56,-79.79,26.42,11.97,98.25,72.18,245.33,-41.86,-26.70,—,—
3743,EPS GR 3Y avg,—,-34.11,41.05,61.47,107.34,57.91,13.74,-19.91,-2.69,—,—
3743,EPS GR 5Y avg,—,12.97,74.79,55.11,45.30,34.61,13.09,46.80,—,—,—
3743,EPS GR 10Y avg,—,13.02,62.00,—,—,—,—,—,—,—,—
3743,OCF GR,—,269.84,—,—,—,—,-63.99,58.92,247.17,—,—
3743,FCF GR,—,397.40,—,—,—,—,-67.88,56.97,248.12,—,—
3743,D/E,0.31,0.22,0.17,0.27,0.22,0.31,—,—,—,—,—
3743,Price,0.4950,0.4050,0.6650,0.9000,1.4500,0.9100,0.7900,1.2800,0.5000,0.5000,0.5000
3778,Year End,TTM,2020-06,2019-06,2018-06,2017-06,2016-06,2015-06,2014-06,2013-06,2012-06,2011-06
3778,Revenue,677,597,694,816,773,607,668,665,978,921,755
3778,NP,36,-1,31,-1,-78,8,-30,75,-215,-135,6
3778,EPS,0.09,—,0.09,—,-0.35,0.04,-0.13,0.33,-0.95,-0.61,0.03
3778,DPS,0.02,—,—,—,—,—,—,—,—,—,0.02
3778,Div Payout,25.7,—,—,—,—,—,—,—,—,76.0,—
3778,Shares,—,359,341,235,226,226,226,226,226,226,226
3778,BVPS,0.97,0.89,0.75,1.09,1.08,1.34,1.13,0.52,1.47,2.14,—
3778,OCF,126,59,-7,-22,-12,91,31,-77,39,-39,33
3778,FCF,111,27,-15,-29,-16,88,21,-87,33,-45,-56
3778,NP Margin,5.36,-0.24,4.43,-0.08,-10.12,1.36,-4.42,11.22,-21.99,-14.62,0.78
3778,ROE,10.83,-0.44,10.73,-0.27,-28.27,2.72,-10.25,30.51,-69.46,-28.20,1.11
3778,Revenue GR,59.27,-14.06,-14.95,5.60,27.35,-9.17,0.53,-32.02,6.10,22.06,—
3778,Revenue GR 3Y avg,—,-8.27,4.58,6.90,5.16,-14.70,-10.16,-4.16,11.40,15.40,—
3778,Revenue GR 5Y avg,—,-2.24,0.87,-3.55,-3.46,-4.27,-1.13,2.08,6.81,—,—
3778,Revenue GR 10Y avg,—,-1.69,1.47,1.50,—,—,—,—,—,—,—
3778,NP GR,—,—,55.16,—,—,—,—,132.60,—,—,—
3778,NP GR 3Y avg,—,—,-16.23,—,—,6.80,—,—,—,—,—
3778,NP GR 5Y avg,—,—,—,—,—,—,—,—,—,—,—
3778,NP GR 10Y avg,0.0,0.0,0.0,0.0,0.0,0.0,0.0,0.0,0.0,0.0,0.0
3778,EPS GR,-528.95,—,—,—,—,—,—,—,—,—,—
3778,EPS GR 3Y avg,—,—,35.20,—,—,—,—,132.51,—,—,—
3778,EPS GR 5Y avg,—,—,-22.88,—,—,6.77,—,—,—,—,—
3778,EPS GR 10Y avg,—,—,—,—,—,—,—,—,—,—,—
3778,OCF GR,—,—,—,—,—,193.46,—,—,—,—,—
3778,FCF GR,—,—,—,—,—,318.15,—,—,—,—,—
3778,D/E,0.08,0.09,0.07,0.12,0.14,0.02,0.07,0.04,0.08,0.04,1.04
3778,Price,0.4550,0.2100,0.1200,0.1850,0.3150,0.3350,0.2350,0.2200,0.2500,0.3300,0.7700
3816,Year End,TTM,2020-12,2019-12,2018-12,2017-12,2016-12,2015-12,2014-12,2013-12,2012-12,2011-03
3816,Revenue,"8,449","8,422","7,904","7,654","8,750","8,952","10,542","9,075","8,763","9,400","12,326"
3816,NP,"1,544",-43,"1,426","1,312","1,982","2,582","2,468","2,204","2,085",772,"2,227"
3816,EPS,0.34,-0.01,0.32,0.29,0.44,0.57,0.55,0.49,0.47,0.17,0.41
3816,DPS,0.33,0.30,0.30,0.30,0.41,0.33,0.14,0.09,—,—,0.35
3816,Div Payout,95.7,—,88.2,128.8,62.2,51.7,22.5,17.3,—,—,—
3816,Shares,"4,464","4,464","4,464","4,464","4,464","4,464","4,464","4,464","4,464","4,464","4,464"
3816,BVPS,7.49,7.39,7.95,7.93,8.16,7.83,8.03,5.79,5.24,4.72,—
3816,OCF,"4,278","5,588","5,579","4,099","4,739",—,—,—,—,—,—
3816,FCF,"-1,525",480,"3,404",804,"1,121","2,819",869,"1,137",-260,"-1,613","-2,299"
3816,NP Margin,18.27,-0.51,18.05,17.14,22.65,28.84,23.41,24.29,23.80,8.21,15.18
3816,ROE,4.55,-0.13,4.07,3.74,5.44,7.03,7.82,8.40,9.11,3.67,8.21
3816,Revenue GR,1.08,6.55,3.27,-12.53,-2.26,-15.08,16.17,3.56,-6.77,-14.30,—
3816,Revenue GR 3Y avg,—,-1.27,-4.07,-10.12,-1.21,0.71,3.90,-7.83,-11.35,-12.89,—
3816,Revenue GR 5Y avg,—,-4.39,-2.72,-2.67,-1.42,-5.40,-4.54,-9.17,-6.57,-3.00,—
3816,Revenue GR 10Y avg,—,-4.47,-6.23,-4.78,-2.27,-1.68,—,—,—,—,—
3816,NP GR,—,—,-17.94,-19.00,-3.49,7.37,47.32,-0.28,28.12,-16.61,—
3816,NP GR 3Y avg,—,—,-8.34,-8.86,20.75,2.60,21.04,6.58,-3.36,-20.30,—
3816,NP GR 5Y avg,—,—,-0.63,-5.95,-3.33,-0.83,—,—,—,—,—
3816,NP GR 10Y avg,0.0,0.0,0.0,0.0,0.0,0.0,0.0,0.0,0.0,0.0,0.0
3816,EPS GR,-137.07,—,8.84,-33.78,-23.18,4.52,11.94,5.78,169.94,-39.57,—
3816,EPS GR 3Y avg,—,—,-17.89,-18.99,-3.49,7.37,47.31,4.48,29.47,-18.02,—
3816,EPS GR 5Y avg,—,—,-8.32,-8.84,20.74,5.75,21.89,5.41,-5.07,-22.31,—
3816,EPS GR 10Y avg,—,—,-1.21,-6.84,-4.64,-2.18,—,—,—,—,—
3816,OCF GR,—,0.16,36.10,-13.50,-9.25,52.40,20.42,41.50,22.74,-16.20,—
3816,FCF GR,—,-85.91,323.21,-28.25,-60.24,224.35,-23.54,—,—,—,—
3816,D/E,0.34,0.35,0.22,0.21,0.11,0.14,0.15,0.27,0.28,0.31,0.46
3816,Price,6.8200,6.8700,8.3500,6.7000,7.4200,7.3500,9.3700,7.2200,5.7000,4.3000,8.3600
3859,Year End,TTM,2020-12,2019-12,2018-12,2017-12,2016-12,2015-12,2014-12,2013-12,2012-12,2011-12
3859,Revenue,"1,447","1,673","2,706","2,704","2,649","2,659","2,767","2,887","2,991","3,414","3,558"
3859,NP,-27,21,239,105,206,190,227,257,268,340,563
3859,EPS,-0.02,0.01,0.17,0.07,0.14,0.13,0.16,0.18,0.19,0.24,0.37
3859,DPS,0.06,0.07,0.17,0.15,0.10,0.13,0.17,0.20,0.68,0.16,0.15
3859,Div Payout,—,114.9,94.8,251.2,64.9,100.8,114.9,108.7,280.2,68.7,32.2
3859,Shares,"1,437","1,427","1,423","1,437","1,437","1,437","1,438","1,441","1,442","1,442","1,284"
3859,BVPS,1.65,1.71,1.70,1.64,1.73,1.68,1.68,1.71,1.73,2.36,1.63
3859,OCF,47,81,160,333,297,239,246,387,464,496,730
3859,FCF,33,66,141,322,286,228,224,374,457,485,703
3859,NP Margin,-1.85,1.27,8.84,3.90,7.79,7.13,8.20,8.89,8.95,9.95,13.52
3859,ROE,-1.10,0.87,9.71,4.27,8.43,7.85,9.33,10.42,9.10,10.41,17.52
3859,Revenue GR,-37.02,-38.16,0.05,2.08,-0.38,-3.89,-4.14,-3.50,-12.38,-4.05,-1.61
3859,Revenue GR 3Y avg,—,-14.20,0.58,-0.76,-2.82,-3.85,-6.77,-6.73,-6.13,0.91,4.29
3859,Revenue GR 5Y avg,—,-9.57,-1.29,-2.00,-4.95,-5.66,-5.21,-2.77,-0.95,1.27,51.11
3859,Revenue GR 10Y avg,—,-7.42,-2.03,-1.47,-1.89,19.40,32.52,—,—,—,—
3859,NP GR,—,-53.15,8.05,-22.55,-6.98,-10.86,-12.59,-23.03,-15.60,1.18,52.51
3859,NP GR 3Y avg,—,-37.74,-1.39,-17.02,-9.48,-19.55,-12.63,-4.79,11.04,-9.89,27.21
3859,NP GR 5Y avg,—,-26.24,-3.10,-4.01,-9.68,1.17,—,—,—,—,—
3859,NP GR 10Y avg,0.0,0.0,0.0,0.0,0.0,0.0,0.0,0.0,0.0,0.0,0.0
3859,EPS GR,-86.57,-90.98,127.03,-48.97,9.02,-16.35,-11.67,-4.26,-21.01,-37.04,35.48
3859,EPS GR 3Y avg,—,-52.90,8.10,-22.50,-6.95,-10.90,-12.58,-21.91,-12.33,-8.63,44.09
3859,EPS GR 5Y avg,—,-37.51,-1.37,-17.01,-9.44,-18.85,-10.64,-10.42,8.27,-4.75,19.92
3859,EPS GR 10Y avg,—,-25.27,-6.00,-5.21,-7.12,-1.35,—,—,—,—,—
3859,OCF GR,—,-49.46,-51.94,12.19,24.30,-2.68,-36.49,-16.71,-6.49,-31.99,31.15
3859,FCF GR,—,-53.01,-56.12,12.55,25.47,1.81,-40.13,-18.27,-5.66,-31.09,33.25
3859,D/E,0.32,0.32,0.27,0.29,0.24,0.32,0.39,0.39,0.40,0.33,0.78
3859,Price,2.2000,2.2800,2.5700,1.9500,1.7400,2.1700,2.5100,2.7300,3.1600,3.4900,2.6700
3867,Year End,TTM,2020-06,2019-06,2018-06,2017-06,2016-06,2015-06,2014-06,2013-06,2012-06,2011-06
3867,Revenue,"1,857","1,564","1,488","1,542","1,545","1,463","1,390","1,292","1,226","1,192","1,415"
3867,NP,246,153,128,142,178,158,108,45,11,-20,75
3867,EPS,1.25,0.80,0.68,0.75,0.94,0.83,0.57,0.24,0.06,-0.10,0.30
3867,DPS,0.27,0.27,0.27,0.29,0.27,0.23,0.20,0.15,0.10,0.10,0.20
3867,Div Payout,21.6,38.3,40.1,38.4,24.7,26.0,38.9,40.2,37.8,66.0,—
3867,Shares,196,190,190,190,190,190,190,189,193,194,194
3867,BVPS,8.31,6.86,6.40,5.98,5.63,4.90,4.21,3.75,3.58,3.40,—
3867,OCF,534,423,404,374,358,414,307,263,149,210,269
3867,FCF,90,174,209,204,229,289,131,191,52,7,28
3867,NP Margin,13.24,9.78,8.62,9.24,11.52,10.76,7.80,3.49,0.89,-1.66,4.15
3867,ROE,16.30,11.55,10.45,12.35,16.95,17.13,13.63,6.23,1.52,-2.68,7.90
3867,Revenue GR,39.95,5.15,-3.53,-0.14,5.55,5.27,7.61,5.35,2.90,-15.79,—
3867,Revenue GR 3Y avg,—,0.43,0.56,3.52,6.14,6.07,5.27,-3.00,-4.00,1.18,—
3867,Revenue GR 5Y avg,—,2.39,2.87,4.69,5.32,0.67,0.06,2.34,-4.44,-4.31,—
3867,Revenue GR 10Y avg,—,1.22,2.60,0.02,0.39,0.74,2.24,—,—,—,—
3867,NP GR,—,-4.91,-6.60,9.51,57.96,143.22,—,-15.57,-55.70,—,—
3867,NP GR 3Y avg,—,7.12,23.24,67.06,—,16.00,-2.93,—,-40.54,—,—
3867,NP GR 5Y avg,—,1.97,—,-0.33,0.64,0.50,2.80,—,—,—,—
3867,NP GR 10Y avg,0.0,0.0,0.0,0.0,0.0,0.0,0.0,0.0,0.0,0.0,0.0
3867,EPS GR,223.99,19.09,-9.95,-19.95,12.95,45.20,139.30,319.51,-44.22,-66.33,—
3867,EPS GR 3Y avg,—,-4.96,-6.62,9.50,57.74,144.28,77.58,-7.63,-52.77,—,—
3867,EPS GR 5Y avg,—,7.08,23.12,67.49,55.82,22.32,1.13,—,-37.05,-31.49,—
3867,EPS GR 10Y avg,—,4.06,—,2.68,3.32,4.41,9.12,—,—,—,—
3867,OCF GR,—,4.66,7.93,4.62,-13.62,34.77,16.74,76.71,-29.17,-21.81,—
3867,FCF GR,—,-17.03,2.86,-11.02,-20.86,120.92,-31.42,267.53,656.21,-75.19,—
3867,D/E,0.01,0.02,—,—,0.03,—,—,—,0.02,—,0.02
3867,Price,38.9000,11.0000,9.2200,10.2400,13.4800,7.5000,6.6600,5.0800,2.5700,2.9900,4.5000
3883,Year End,TTM,2020-12,2019-12,2018-12,2017-12,2016-12,2015-12,2014-12,2013-12,2012-12,2011-12
3883,Revenue,"1,501","1,426","1,518","1,544","1,448","1,218","1,125","1,052","1,045","1,088","1,104"
3883,NP,108,90,39,78,59,19,26,22,43,16,52
3883,EPS,0.35,0.30,0.13,0.25,0.19,0.06,0.09,0.07,0.14,0.05,0.17
3883,DPS,0.04,0.04,0.04,0.04,0.03,0.03,0.03,0.03,0.03,0.03,0.03
3883,Div Payout,11.3,20.2,24.1,12.1,22.5,84.9,44.6,32.5,23.6,47.4,20.8
3883,Shares,305,305,305,305,305,305,305,305,304,304,302
3883,BVPS,3.85,3.60,3.45,3.29,3.05,2.73,2.74,2.65,2.58,1.92,1.79
3883,OCF,133,94,125,99,86,88,81,73,93,84,60
3883,FCF,62,48,67,1,12,2,47,2,14,27,60
3883,NP Margin,7.19,6.31,2.59,5.02,4.06,1.54,2.33,2.07,4.14,1.47,4.69
3883,ROE,9.60,8.20,3.78,7.80,6.47,2.22,3.17,2.70,6.24,2.74,9.20
3883,Revenue GR,22.25,-6.11,-1.66,6.62,18.93,8.26,6.97,0.64,-4.00,-1.40,18.20
3883,Revenue GR 3Y avg,—,-0.52,7.63,11.14,11.26,5.24,1.11,-1.60,3.81,15.69,12.16
3883,Revenue GR 5Y avg,—,4.85,7.62,8.12,5.88,1.98,3.79,8.39,5.96,9.35,12.47
3883,Revenue GR 10Y avg,—,4.32,8.01,7.04,7.60,7.10,—,—,—,—,—
3883,NP GR,—,15.28,27.89,43.47,39.26,-24.23,17.91,-25.08,6.28,-24.40,4.34
3883,NP GR 3Y avg,—,27.95,12.57,12.40,29.69,-18.32,-6.12,-10.11,-1.04,-0.92,—
3883,NP GR 5Y avg,—,9.60,0.59,5.46,13.36,—,—,—,—,—,—
3883,NP GR 10Y avg,0.0,0.0,0.0,0.0,0.0,0.0,0.0,0.0,0.0,0.0,0.0
3883,EPS GR,102.62,128.76,-49.25,31.98,212.16,-28.34,20.76,-49.78,169.38,-69.00,41.67
3883,EPS GR 3Y avg,—,15.28,27.87,43.46,39.27,-24.25,17.78,-25.15,5.76,-23.99,2.04
3883,EPS GR 5Y avg,—,27.94,12.59,12.36,29.59,-18.35,-6.42,-9.89,-2.36,-2.56,—
3883,EPS GR 10Y avg,—,9.42,0.73,4.74,12.37,—,—,—,—,—,—
3883,OCF GR,—,-24.99,25.58,15.23,-1.62,8.69,10.64,-21.53,10.35,39.65,-14.12
3883,FCF GR,—,-28.57,—,-91.97,534.01,-96.07,—,-83.27,-46.72,-55.16,-14.12
3883,D/E,0.10,0.09,0.11,0.13,0.11,0.10,0.12,0.17,0.16,0.24,0.28
3883,Price,2.6000,2.7800,1.4100,1.7900,1.3300,1.4500,2.1500,1.3000,0.9150,0.7400,0.8800
3948,Year End,TTM,2020-06,2019-06,2018-06,2017-06,2016-06,2015-06,2014-06,2013-06,2012-06,2011-06
3948,Revenue,163,66,27,16,82,38,47,60,58,95,116
3948,NP,39,-27,11,385,13,-4,49,75,-19,-5,1
3948,EPS,0.05,-0.03,0.01,0.45,0.01,—,0.06,0.08,-0.03,-0.01,—
3948,DPS,0.01,—,—,—,—,—,—,—,—,—,—
3948,Div Payout,21.6,—,—,—,—,—,—,—,—,—,—
3948,Shares,826,838,846,846,846,846,846,846,668,600,597
3948,BVPS,1.50,1.45,1.54,1.11,1.09,1.10,1.06,0.98,0.94,1.39,—
3948,OCF,7,-30,30,-70,12,-15,73,2,10,57,98
3948,FCF,-13,-45,29,-71,12,-18,69,2,6,53,94
3948,NP Margin,23.98,-40.46,42.50,—,15.74,-9.84,104.37,124.25,-31.86,-5.23,0.60
3948,ROE,3.16,-2.12,0.89,34.47,1.38,-0.40,5.48,9.17,-2.31,-0.60,0.08
3948,Revenue GR,397.80,145.63,63.41,-80.03,116.69,-19.00,-22.79,3.70,-38.82,-17.55,—
3948,Revenue GR 3Y avg,—,-7.11,-10.91,-29.49,10.66,-13.44,-21.17,-19.43,-21.65,-1.77,—
3948,Revenue GR 5Y avg,—,7.07,-15.06,-22.44,-2.98,-20.03,-17.38,-9.67,-19.72,0.71,—
3948,Revenue GR 10Y avg,—,-5.95,-12.41,-21.09,-1.15,-6.56,—,—,—,—,—
3948,NP GR,—,—,—,99.29,-44.42,—,—,377.63,—,—,—
3948,NP GR 3Y avg,—,—,-31.46,—,—,—,41.80,-3.59,—,—,—
3948,NP GR 5Y avg,—,—,-18.71,26.18,-27.41,—,—,—,—,—,—
3948,NP GR 10Y avg,0.0,0.0,0.0,0.0,0.0,0.0,0.0,0.0,0.0,0.0,0.0
3948,EPS GR,-111.60,—,-96.71,—,—,—,-34.83,—,—,—,—
3948,EPS GR 3Y avg,—,—,—,98.84,-44.76,—,—,346.47,—,—,—
3948,EPS GR 5Y avg,—,—,-29.96,—,—,—,37.04,-3.44,—,—,—
3948,EPS GR 10Y avg,—,—,-17.76,26.63,-36.57,—,—,—,—,—,—
3948,OCF GR,—,—,—,—,—,—,—,-74.40,-82.99,-41.95,—
3948,FCF GR,—,—,—,—,—,—,—,-66.06,-88.44,-43.75,—
3948,D/E,—,—,—,—,—,—,—,—,0.04,—,0.06
3948,Price,0.4000,0.3600,0.4500,0.4900,0.4600,0.4400,0.4950,0.5200,0.4900,0.4500,0.5000
4006,Year End,TTM,2020-12,2019-12,2018-12,2017-12,2016-12,2015-12,2014-12,2013-12,2012-12,2011-12
4006,Revenue,"3,298","3,364","5,162","6,381","6,329","5,524","4,380","3,465","2,754","2,807","3,109"
4006,NP,316,112,353,510,395,279,272,331,185,201,369
4006,EPS,0.51,0.18,0.57,0.82,0.62,0.45,0.44,0.53,0.30,0.32,0.44
4006,DPS,0.14,0.14,0.26,0.20,0.20,0.18,0.18,0.07,0.08,0.09,0.06
4006,Div Payout,27.4,133.0,32.3,24.5,28.2,54.1,24.2,15.2,32.2,27.8,19.9
4006,Shares,620,620,620,620,620,620,620,620,620,620,620
4006,BVPS,10.85,10.30,10.67,10.57,9.81,9.10,9.05,7.88,7.58,7.41,6.65
4006,OCF,292,275,478,650,748,161,317,93,199,155,408
4006,FCF,161,138,276,502,630,68,109,-151,67,-157,277
4006,NP Margin,9.58,3.33,6.83,7.99,6.24,5.06,6.22,9.56,6.73,7.15,8.69
4006,ROE,4.86,1.70,5.33,8.08,6.63,4.85,5.07,6.72,3.97,4.46,6.34
4006,Revenue GR,-6.91,-34.82,-19.10,0.82,14.57,26.12,26.42,25.81,-1.89,-9.71,-3.76
4006,Revenue GR 3Y avg,—,-18.99,-2.23,13.36,22.24,26.11,15.99,3.68,-5.18,-6.54,-15.38
4006,Revenue GR 5Y avg,—,-5.14,8.30,18.30,17.66,12.18,6.28,0.15,-11.70,-9.05,-4.72
4006,Revenue GR 10Y avg,—,0.41,4.15,2.20,3.44,3.39,0.40,—,—,—,—
4006,NP GR,—,-34.28,8.05,23.23,6.06,14.66,10.74,-3.57,-15.56,-15.89,0.66
4006,NP GR 3Y avg,—,-16.27,1.27,22.42,14.51,-5.42,-2.42,-0.37,-12.53,-12.43,2.02
4006,NP GR 5Y avg,—,-9.61,0.45,3.48,0.14,-1.77,0.07,—,—,—,—
4006,NP GR 10Y avg,0.0,0.0,0.0,0.0,0.0,0.0,0.0,0.0,0.0,0.0,0.0
4006,EPS GR,-249.24,-68.21,-30.83,29.05,41.35,2.57,-17.71,78.55,-7.58,-25.74,8.25
4006,EPS GR 3Y avg,—,-34.29,8.06,23.23,6.06,14.65,10.74,7.01,-9.43,-14.83,-10.46
4006,EPS GR 5Y avg,—,-16.27,1.27,22.42,14.51,0.68,1.77,0.39,-13.20,-12.39,-5.90
4006,EPS GR 10Y avg,—,-7.69,0.83,3.08,0.16,-2.67,-0.31,—,—,—,—
4006,OCF GR,—,-42.47,-26.56,-12.99,363.26,-49.09,239.71,-53.08,28.42,-62.02,0.10
4006,FCF GR,—,-50.12,-45.04,-20.33,827.92,-37.51,—,—,—,—,-17.55
4006,D/E,0.04,0.04,0.01,0.01,0.01,0.01,0.01,—,—,0.01,—
4006,Price,5.1900,5.4700,6.5500,6.1700,6.5500,6.8000,6.9500,7.0900,8.4900,8.7000,5.3600
4065,Year End,TTM,2020-12,2019-12,2018-12,2017-12,2016-12,2015-12,2014-12,2013-12,2012-12,2011-12
4065,Revenue,"4,235","4,185","4,684","4,518","4,296","4,180","4,041","3,691","3,289","3,006","2,711"
4065,NP,"1,532","1,317","1,153","1,075","1,205","1,045","1,051",917,983,842,"1,013"
4065,EPS,1.08,0.93,0.81,0.76,0.83,0.73,0.74,0.64,0.69,0.59,0.69
4065,DPS,0.31,0.31,0.28,0.26,0.21,0.21,0.20,0.20,0.17,0.17,0.23
4065,Div Payout,28.8,34.4,38.9,30.0,22.4,33.2,28.7,31.0,24.4,28.2,26.0
4065,Shares,"1,423","1,423","1,423","1,423","1,423","1,422","1,422","1,422","1,422","1,422","1,422"
4065,BVPS,16.72,15.49,14.98,14.67,14.82,13.70,14.09,11.12,10.74,10.03,9.33
4065,OCF,-28,-2,401,475,-6,382,369,219,225,142,-20
4065,FCF,-120,-106,258,371,-152,234,177,39,17,-24,-171
4065,NP Margin,36.17,31.47,24.61,23.80,28.06,25.00,26.02,24.84,29.87,28.02,36.17
4065,ROE,6.68,5.95,5.43,5.13,5.76,5.11,5.72,5.65,6.57,5.94,7.17
4065,Revenue GR,4.66,-10.64,3.67,5.16,2.78,3.45,9.47,12.22,9.43,10.90,19.20
4065,Revenue GR 3Y avg,—,-0.87,3.86,3.79,5.19,8.32,10.36,10.84,13.09,14.44,-7.83
4065,Revenue GR 5Y avg,—,0.70,4.88,6.55,7.40,9.05,12.19,12.98,-1.02,0.11,-25.13
4065,Revenue GR 10Y avg,—,6.29,8.85,2.70,3.69,-9.64,-9.27,—,—,—,—
4065,NP GR,—,2.99,3.32,0.75,9.55,2.07,7.67,-3.26,-19.50,-19.74,-7.84
4065,NP GR 3Y avg,—,4.61,4.68,1.82,7.44,0.63,-11.01,-10.86,-5.35,-34.53,7.84
4065,NP GR 5Y avg,—,-3.52,-3.40,-1.83,-16.13,4.17,8.42,—,—,—,—
4065,NP GR 10Y avg,0.0,0.0,0.0,0.0,0.0,0.0,0.0,0.0,0.0,0.0,0.0
4065,EPS GR,114.82,14.32,7.14,-10.80,15.31,-0.56,14.75,-6.76,16.76,-14.15,-47.95
4065,EPS GR 3Y avg,—,3.00,3.29,0.75,9.58,2.09,7.70,-2.23,-19.50,-19.48,-8.51
4065,EPS GR 5Y avg,—,4.61,4.69,1.82,7.45,1.30,-11.01,-10.68,-5.15,-34.48,11.82
4065,EPS GR 10Y avg,—,-3.51,-3.30,-1.73,-16.09,6.43,10.29,—,—,—,—
4065,OCF GR,—,—,-15.60,—,—,3.48,68.91,-2.79,58.51,—,—
4065,FCF GR,—,—,-30.43,—,—,32.86,358.41,124.43,—,—,—
4065,D/E,0.01,0.01,0.01,0.01,—,—,0.01,—,0.01,0.01,—
4065,Price,18.5000,18.5200,18.8400,17.5800,17.2400,15.8600,15.9000,14.3000,16.1400,11.6000,17.1600
4081,Year End,TTM,2020-06,2019-06,2018-06,2017-06,2016-06,2014-12,2013-12,2012-12,2011-12,2010-12
4081,Revenue,37,55,72,71,74,74,70,81,86,81,79
4081,NP,-10,-8,-6,-3,-12,13,1,19,8,3,-4
4081,EPS,-0.01,-0.01,-0.01,—,-0.02,0.02,—,0.03,0.01,—,-0.01
4081,DPS,—,0.01,—,—,—,0.08,—,—,—,—,—
4081,Div Payout,—,—,—,—,434.8,—,—,—,—,—,—
4081,Shares,708,708,708,708,708,708,708,708,709,709,709
4081,BVPS,0.38,0.40,0.41,0.42,0.45,0.50,—,—,—,—,—
4081,OCF,-4,-7,2,—,-1,—,2,4,6,1,-3
4081,FCF,-9,-10,-1,-2,-4,—,1,3,4,—,-5
4081,NP Margin,-28.51,-14.34,-7.69,-4.55,-16.85,17.38,2.07,23.03,9.34,3.40,-5.69
4081,ROE,-3.77,-2.79,-1.89,-1.08,-4.03,3.88,0.42,5.64,2.57,0.89,-1.42
4081,Revenue GR,-55.93,-22.95,1.30,-3.86,-0.89,3.29,-12.37,-5.63,6.12,2.68,—
4081,Revenue GR 3Y avg,—,-9.13,-1.17,0.01,-2.61,-3.96,-4.26,0.93,5.49,-13.57,—
4081,Revenue GR 5Y avg,—,-4.40,-2.14,-3.39,-1.64,-1.01,-0.59,-8.35,-8.00,-7.54,—
4081,Revenue GR 10Y avg,—,-2.60,-5.15,-5.61,-4.49,—,—,—,—,—,—
4081,NP GR,—,—,—,—,—,14.69,-18.80,—,—,—,—
4081,NP GR 3Y avg,—,—,—,—,—,—,—,—,-19.93,—,—
4081,NP GR 5Y avg,—,—,—,—,—,—,—,—,—,—,—
4081,NP GR 10Y avg,0.0,0.0,0.0,0.0,0.0,0.0,0.0,0.0,0.0,0.0,0.0
4081,EPS GR,368.00,—,—,—,—,323.03,-92.02,132.74,189.74,—,—
4081,EPS GR 3Y avg,—,—,—,—,—,14.66,-18.64,—,—,—,—
4081,EPS GR 5Y avg,—,—,—,—,—,—,—,—,-19.77,—,—
4081,EPS GR 10Y avg,—,—,—,—,—,—,—,—,—,—,—
4081,OCF GR,—,—,267.86,—,—,—,-52.23,-31.83,789.75,—,—
4081,FCF GR,—,—,—,—,—,—,-56.00,-44.37,—,—,—
4081,D/E,—,—,—,—,—,—,—,—,—,—,—
4081,Price,0.1250,0.1250,0.1400,0.1500,0.1900,0.1650,0.3350,0.2200,0.1000,0.0900,0.1200
4162,Year End,TTM,2020-12,2019-12,2018-12,2017-12,2016-12,2015-12,2014-12,2013-12,2012-12,2011-12
4162,Revenue,"2,401","2,315","2,509","2,823","3,002","3,756","4,582","4,796","4,517","4,365","4,127"
4162,NP,254,242,346,469,493,721,910,902,823,798,720
4162,EPS,0.89,0.84,1.21,1.64,1.73,2.52,3.18,3.15,2.88,2.79,2.52
4162,DPS,0.83,0.89,1.32,1.51,2.03,2.33,3.12,3.09,2.81,2.61,2.43
4162,Div Payout,93.4,103.8,112.0,101.5,87.6,116.7,98.7,94.4,95.5,93.4,93.3
4162,Shares,286,286,286,286,286,286,286,286,286,286,286
4162,BVPS,1.27,1.27,1.32,1.47,1.49,1.65,2.01,1.96,1.80,1.70,1.72
4162,OCF,—,196,331,494,372,606,980,978,818,733,—
4162,FCF,309,193,324,474,348,591,965,953,782,685,725
4162,NP Margin,10.59,10.44,13.78,16.60,16.41,19.20,19.86,18.81,18.23,18.28,17.44
4162,ROE,71.06,63.54,85.33,116.58,98.97,124.36,169.98,174.73,165.81,174.06,156.07
4162,Revenue GR,17.75,-7.70,-11.14,-5.97,-20.08,-18.01,-4.47,6.17,3.49,5.76,4.08
4162,Revenue GR 3Y avg,—,-8.29,-12.59,-14.91,-14.46,-5.96,1.63,5.13,4.44,3.62,-0.06
4162,Revenue GR 5Y avg,—,-12.76,-12.16,-8.97,-7.21,-1.87,2.93,4.10,1.78,2.64,2.70
4162,Revenue GR 10Y avg,—,-5.24,-4.37,-3.75,-2.41,0.39,2.54,—,—,—,—
4162,NP GR,—,-21.11,-21.74,-19.85,-18.26,-4.32,4.49,7.82,4.04,2.22,-3.93
4162,NP GR 3Y avg,—,-23.28,-17.45,-10.67,-9.19,0.05,4.48,3.85,0.29,1.74,—
4162,NP GR 5Y avg,—,-10.47,-7.41,-5.35,-3.88,0.02,4.38,—,—,—,—
4162,NP GR 10Y avg,0.0,0.0,0.0,0.0,0.0,0.0,0.0,0.0,0.0,0.0,0.0
4162,EPS GR,22.78,-30.06,-26.20,-4.87,-31.71,-20.74,0.89,9.54,3.22,10.87,-1.60
4162,EPS GR 3Y avg,—,-21.11,-21.73,-19.85,-18.26,-4.32,4.48,7.82,4.04,2.23,-3.94
4162,EPS GR 5Y avg,—,-23.28,-17.45,-10.66,-9.19,0.05,4.47,3.85,0.29,1.74,—
4162,EPS GR 10Y avg,—,-10.47,-7.41,-5.35,-3.88,0.02,4.38,—,—,—,—
4162,OCF GR,—,-40.77,-32.94,32.59,-38.60,-38.09,0.15,19.63,11.47,-9.22,-7.76
4162,FCF GR,—,-40.47,-31.73,36.05,-41.00,-38.81,1.30,21.87,14.21,-5.57,-10.67
4162,D/E,0.05,0.05,0.06,—,—,—,—,—,—,0.52,0.58
4162,Price,13.1000,14.0800,15.0800,36.0800,40.0000,44.6000,56.0800,65.1000,64.1200,62.0000,49.9200
4197,Year End,TTM,2020-06,2019-06,2018-06,2017-06,2016-06,2015-06,2014-06,2013-06,2012-06,2011-06
4197,Revenue,"41,962","36,934","36,156","33,828","31,087","43,963","43,728","43,908","46,812","47,602","41,859"
4197,NP,"1,391",820,948,"1,971","2,562","2,443","2,313","3,352","3,700","4,150","3,848"
4197,EPS,0.20,0.12,0.14,0.28,0.36,0.39,0.40,0.56,0.62,0.70,0.61
4197,DPS,0.09,0.09,0.06,0.19,0.27,0.25,0.36,0.33,0.32,0.32,0.11
4197,Div Payout,44.1,73.7,48.2,319.4,59.9,72.1,92.6,62.8,61.4,41.5,—
4197,Shares,"6,802","6,801","6,801","6,801","6,639","6,269","6,138","6,040","6,010","6,010","6,010"
4197,BVPS,2.30,2.10,2.13,2.08,5.80,5.28,4.67,4.56,4.36,4.15,—
4197,OCF,"4,376","3,012","1,352","1,273","4,991","3,659","3,021","2,923","3,700","2,731","3,393"
4197,FCF,"3,849","2,486",975,783,"4,475","1,209","1,463","1,321","1,742","1,223","1,747"
4197,NP Margin,3.31,2.22,2.62,5.67,7.84,5.48,5.29,7.09,8.19,8.72,8.75
4197,ROE,9.29,5.52,6.52,7.11,6.56,7.37,7.82,11.18,14.43,16.59,16.48
4197,Revenue GR,30.77,2.15,6.88,8.82,-29.29,0.54,-0.41,-6.20,-1.66,13.72,—
4197,Revenue GR 3Y avg,—,5.91,-6.31,-8.20,-10.87,-2.07,-2.79,1.61,12.54,15.35,—
4197,Revenue GR 5Y avg,—,-3.32,-3.81,-6.29,-8.17,0.99,5.89,7.20,6.58,18.08,—
4197,Revenue GR 10Y avg,—,1.18,1.55,-0.06,4.13,8.11,8.90,—,—,—,—
4197,NP GR,—,-31.60,-27.06,-5.19,-8.58,-12.93,-17.71,-4.49,62.98,21.03,—
4197,NP GR 3Y avg,—,-18.73,-22.32,-11.84,-9.20,-8.69,22.03,7.45,-0.28,21.04,—
4197,NP GR 5Y avg,—,-0.41,-8.64,-6.24,4.84,7.34,9.50,—,—,—,—
4197,NP GR 10Y avg,0.0,0.0,0.0,0.0,0.0,0.0,0.0,0.0,0.0,0.0,0.0
4197,EPS GR,158.82,-12.95,-50.71,-23.16,-4.43,1.94,-32.21,-0.25,-19.33,13.25,—
4197,EPS GR 3Y avg,—,-30.92,-28.73,-9.20,-12.92,-11.67,-18.29,-3.05,66.41,22.10,—
4197,EPS GR 5Y avg,—,-20.32,-24.21,-12.73,-11.88,-8.83,25.52,7.93,-1.31,2.72,—
4197,EPS GR 10Y avg,—,0.01,-9.55,-7.20,-4.86,-1.77,1.15,—,—,—,—
4197,OCF GR,—,122.78,6.21,-74.49,36.39,21.12,3.36,-21.01,35.50,-19.51,—
4197,FCF GR,—,154.97,24.52,-82.50,269.90,-17.28,10.66,-24.15,42.46,-30.00,—
4197,D/E,0.10,0.10,0.01,0.02,0.03,0.33,0.39,0.29,0.30,0.15,0.17
4197,Price,2.4000,2.1500,2.2600,2.4500,9.5000,7.5900,8.5200,9.6700,9.5800,9.8900,9.2300
4243,Year End,TTM,2020-12,2019-12,2018-12,2017-12,2016-12,2015-12,2014-12,2013-12,2012-12,2011-12
4243,Revenue,330,352,589,814,791,690,725,677,715,769,686
4243,NP,-154,-161,-111,81,-188,—,60,40,52,45,69
4243,EPS,-0.33,-0.34,-0.23,0.17,-0.41,—,0.12,0.09,0.11,0.10,0.16
4243,DPS,0.01,0.01,0.01,0.01,0.02,0.02,0.02,0.03,0.03,0.04,0.03
4243,Div Payout,—,—,—,6.1,—,28.9,24.7,20.2,27.2,41.3,42.3
4243,Shares,473,474,477,477,477,477,478,438,434,435,435
4243,BVPS,1.71,1.72,2.22,2.16,2.79,2.87,2.83,2.70,2.87,2.79,2.47
4243,OCF,45,25,17,2,107,76,90,100,84,160,78
4243,FCF,-57,-75,6,-11,73,40,57,57,16,131,39
4243,NP Margin,-46.58,-45.80,-18.90,9.97,-23.76,—,8.22,5.91,7.28,5.81,10.00
4243,ROE,-17.38,-17.90,-10.65,7.14,-14.82,—,4.41,3.09,4.19,3.78,6.17
4243,Revenue GR,-20.20,-40.15,-27.74,2.94,14.72,-4.84,7.10,-5.30,-7.04,12.03,-6.48
4243,Revenue GR 3Y avg,—,-23.64,-5.15,3.97,5.35,-1.17,-1.94,-0.46,-0.88,11.50,-5.47
4243,Revenue GR 5Y avg,—,-13.43,-2.75,2.65,0.58,0.10,-0.25,4.06,-2.53,2.29,-0.51
4243,Revenue GR 10Y avg,—,-7.07,0.60,0.03,1.43,-0.21,—,—,—,—,—
4243,NP GR,—,—,—,10.88,—,-92.61,10.07,-16.49,18.76,—,12.56
4243,NP GR 3Y avg,—,—,—,9.32,—,-80.18,13.92,—,1.56,-5.53,-11.77
4243,NP GR 5Y avg,—,—,—,5.37,—,-58.18,—,—,—,—,—
4243,NP GR 10Y avg,0.0,0.0,0.0,0.0,0.0,0.0,0.0,0.0,0.0,0.0,0.0
4243,EPS GR,-36.45,—,—,—,—,—,36.58,-23.79,16.54,-34.94,122.54
4243,EPS GR 3Y avg,—,—,—,10.88,—,—,6.65,-16.71,19.05,—,12.49
4243,EPS GR 5Y avg,—,—,—,7.25,—,—,11.92,—,1.54,-5.72,—
4243,EPS GR 10Y avg,—,—,—,4.35,—,—,—,—,—,—,—
4243,OCF GR,—,52.01,936.83,-98.52,40.87,-15.25,-9.73,18.58,-47.29,104.71,-47.28
4243,FCF GR,—,—,—,—,82.99,-30.44,0.38,265.12,-88.08,232.47,-58.11
4243,D/E,0.18,0.18,0.11,0.11,0.11,0.09,0.10,0.12,0.12,0.11,0.08
4243,Price,0.4450,0.4800,0.5850,0.4300,0.7100,0.9950,1.3200,1.0900,1.3100,0.9800,1.2400
4251,Year End,TTM,2020-12,2019-12,2018-12,2017-12,2016-12,2015-12,2014-12,2013-12,2012-12,2011-12
4251,Revenue,65,80,172,375,465,384,257,261,152,67,27
4251,NP,-2,3,26,59,75,67,43,53,44,17,1
4251,EPS,—,—,0.05,0.05,0.05,0.05,0.03,0.08,0.09,0.04,—
4251,DPS,0.01,0.01,0.02,0.02,0.02,0.01,0.02,0.02,0.01,—,—
4251,Div Payout,—,700.0,68.9,33.7,34.3,24.8,46.1,21.5,19.4,6.3,126.9
4251,Shares,"1,970","2,156","1,242","1,316","1,316","1,316","1,316",693,481,452,452
4251,BVPS,0.93,0.90,0.89,0.97,0.89,0.84,0.80,0.75,0.41,0.39,0.36
4251,OCF,-34,-22,19,16,144,163,-29,15,19,10,-17
4251,FCF,-63,-56,-38,-17,122,156,-43,-19,—,-10,-18
4251,NP Margin,-3.58,4.14,14.98,15.64,16.23,17.37,16.71,20.46,28.90,25.23,4.91
4251,ROE,-0.22,0.32,2.62,6.22,8.53,8.03,5.50,10.90,22.32,9.93,0.83
4251,Revenue GR,-54.12,-53.43,-54.15,-19.34,21.25,49.02,-1.43,71.62,128.26,144.80,173.99
4251,Revenue GR 3Y avg,—,-44.36,-23.46,13.38,21.22,36.10,56.89,112.46,148.31,126.22,-34.24
4251,Revenue GR 5Y avg,—,-20.82,-8.01,19.78,47.48,69.73,91.72,114.44,9.70,74.95,8.46
4251,Revenue GR 10Y avg,—,23.21,40.45,14.63,60.63,35.68,—,—,—,—,—
4251,NP GR,—,-64.73,-27.14,10.90,12.22,14.86,36.76,241.74,159.54,164.44,-55.63
4251,NP GR 3Y avg,—,-40.12,-13.56,5.94,35.02,118.49,76.45,125.82,23.47,67.48,20.40
4251,NP GR 5Y avg,—,2.79,39.71,14.37,50.38,62.19,—,—,—,—,—
4251,NP GR 10Y avg,0.0,0.0,0.0,0.0,0.0,0.0,0.0,0.0,0.0,0.0,0.0
4251,EPS GR,-783.33,-92.79,-56.58,-18.12,14.71,55.49,-59.46,-16.77,161.49,—,-46.69
4251,EPS GR 3Y avg,—,-70.51,-25.84,13.45,-10.24,-19.34,-4.09,201.10,159.55,164.92,-55.60
4251,EPS GR 5Y avg,—,-46.04,-23.79,-13.20,9.49,76.66,42.62,109.61,23.47,64.05,12.47
4251,EPS GR 10Y avg,—,-12.28,26.39,3.53,34.02,40.96,—,—,—,—,—
4251,OCF GR,—,—,18.99,-88.87,-11.22,—,—,-19.94,90.06,—,—
4251,FCF GR,—,—,—,—,-21.70,—,—,—,—,—,—
4251,D/E,0.24,0.20,0.22,—,0.21,0.23,0.24,0.27,—,—,—
4251,Price,0.3100,0.2500,0.2450,0.3800,0.5150,0.5900,0.5000,0.6200,2.5200,1.3300,0.6900
4324,Year End,TTM,2020-12,2019-12,2018-12,2017-12,2016-12,2015-12,2014-12,2013-12,2012-12,2011-12
4324,Revenue,"6,825","7,176","12,637","11,241","11,583","8,365","9,080","14,263","14,696","15,086","11,213"
4324,NP,391,251,35,31,930,335,352,"-1,189",-156,-95,-126
4324,EPS,1.31,0.84,0.12,0.10,3.10,1.12,1.17,-3.96,-0.52,-0.32,-0.42
4324,DPS,0.04,—,—,0.02,—,—,—,—,0.15,0.25,0.50
4324,Div Payout,3.1,—,—,2.5,—,—,—,—,—,—,142.9
4324,Shares,300,300,300,300,300,300,300,300,300,300,300
4324,BVPS,7.14,7.16,6.59,6.19,5.52,2.69,1.93,4.14,5.17,5.68,6.97
4324,OCF,925,435,"1,317",380,477,-5,783,116,-252,-38,131
4324,FCF,671,225,743,-157,347,-33,685,61,-417,-408,-298
4324,NP Margin,5.74,3.50,0.28,0.27,8.03,4.01,3.87,-8.33,-1.06,-0.63,-1.12
4324,ROE,17.89,12.01,1.73,1.62,66.43,39.74,70.23,-129.35,-9.69,-5.32,-6.37
4324,Revenue GR,-13.79,-43.21,12.42,-2.95,38.47,-7.87,-36.34,-2.95,-2.59,34.55,8.06
4324,Revenue GR 3Y avg,—,-14.75,14.74,7.38,-6.70,-17.12,-15.57,8.35,12.30,19.03,-5.02
4324,Revenue GR 5Y avg,—,-4.60,-2.39,-5.22,-5.15,-5.69,-2.63,9.78,2.35,5.74,0.59
4324,Revenue GR 10Y avg,—,-3.62,3.52,-1.51,0.15,-2.60,-0.65,—,—,—,—
4324,NP GR,—,-35.37,-52.92,-55.58,—,—,—,—,—,—,—
4324,NP GR 3Y avg,—,-6.53,—,—,—,—,27.02,—,—,—,—
4324,NP GR 5Y avg,—,8.96,-19.06,—,4.60,2.65,-3.87,—,—,—,—
4324,NP GR 10Y avg,0.0,0.0,0.0,0.0,0.0,0.0,0.0,0.0,0.0,0.0,0.0
4324,EPS GR,-113.15,600.00,20.00,-96.77,176.79,-4.27,—,—,—,—,—
4324,EPS GR 3Y avg,—,-35.29,-52.50,-55.95,—,—,—,—,—,—,—
4324,EPS GR 5Y avg,—,-6.41,—,—,—,—,27.30,—,—,—,—
4324,EPS GR 10Y avg,—,9.15,-18.86,—,4.60,2.67,-3.89,—,—,—,—
4324,OCF GR,—,-66.99,246.64,-20.32,—,—,578.09,—,—,—,-27.64
4324,FCF GR,—,-69.73,—,—,—,—,—,—,—,—,—
4324,D/E,0.22,0.26,0.30,0.29,0.63,1.32,0.66,2.58,0.82,0.69,0.45
4324,Price,5.2000,5.9900,4.2200,4.6600,16.3000,2.0300,4.9700,4.6900,6.3600,8.4000,9.1800
4405,Year End,TTM,2020-12,2019-12,2018-12,2017-12,2016-12,2015-12,2014-12,2013-12,2012-12,2011-12
4405,Revenue,"2,818","2,960","4,172","4,858","4,341","5,461","5,717","4,761","5,198","4,086","3,860"
4405,NP,-149,-166,44,106,-89,-55,75,106,251,158,216
4405,EPS,-0.23,-0.25,0.07,0.16,-0.14,-0.08,0.11,0.16,0.38,0.25,0.33
4405,DPS,0.04,0.04,0.04,0.03,0.02,0.04,0.05,0.09,0.12,0.12,0.12
4405,Div Payout,—,—,25.8,46.3,—,—,41.6,35.6,33.5,49.6,34.1
4405,Shares,652,652,653,653,653,653,653,653,653,653,653
4405,BVPS,4.35,4.47,4.37,4.30,4.27,4.14,4.28,4.21,3.10,2.88,2.50
4405,OCF,254,587,24,526,345,-139,-217,399,-129,11,177
4405,FCF,136,459,-264,453,234,-255,-337,94,-316,-286,18
4405,NP Margin,-5.27,-5.59,1.05,2.18,-2.04,-1.01,1.31,2.22,4.83,3.87,5.60
4405,ROE,-5.09,-5.65,1.49,3.76,-3.13,-1.94,2.70,3.87,10.80,8.36,12.27
4405,Revenue GR,-19.23,-29.07,-14.12,11.91,-20.50,-4.48,20.08,-8.42,27.22,5.86,10.13
4405,Revenue GR 3Y avg,—,-11.99,-8.58,-5.28,-3.03,1.65,11.84,7.24,14.04,12.67,6.51
4405,Revenue GR 5Y avg,—,-12.34,-2.60,-1.34,1.22,7.18,10.28,10.76,10.23,17.03,12.85
4405,Revenue GR 10Y avg,—,-1.68,3.86,4.28,8.84,9.98,—,—,—,—,—
4405,NP GR,—,—,—,12.27,—,—,-22.03,-21.18,2.99,1.00,-4.20
4405,NP GR 3Y avg,—,—,-16.24,-15.84,—,—,-20.09,-7.14,0.42,9.67,29.23
4405,NP GR 5Y avg,—,—,-11.81,-8.07,—,—,—,—,—,—,—
4405,NP GR 10Y avg,0.0,0.0,0.0,0.0,0.0,0.0,0.0,0.0,0.0,0.0,0.0
4405,EPS GR,-183.80,—,-58.78,—,—,—,-29.28,-57.80,58.91,-26.94,-5.91
4405,EPS GR 3Y avg,—,—,—,12.27,—,—,-22.02,-21.17,2.99,1.08,-3.55
4405,EPS GR 5Y avg,—,—,-16.23,-15.84,—,—,-20.08,-7.08,0.82,10.18,29.76
4405,EPS GR 10Y avg,—,—,-11.78,-7.89,—,—,—,—,—,—,—
4405,OCF GR,—,—,-95.37,52.40,—,—,—,—,—,-93.57,—
4405,FCF GR,—,—,—,94.04,—,—,—,—,—,—,—
4405,D/E,0.03,0.03,0.19,0.18,0.27,0.26,0.29,0.33,0.11,0.18,0.15
4405,Price,1.1900,1.2600,1.3300,1.3500,1.4100,1.7800,2.5900,3.2800,6.1900,4.6300,4.0800
4588,Year End,TTM,2020-12,2019-12,2018-12,2017-12,2016-12,2015-12,2014-12,2013-12,2012-12,2011-12
4588,Revenue,"10,390","9,555","11,739","11,304","11,067","10,959","14,442","14,932","13,951","15,864","13,536"
4588,NP,327,274,524,380,-641,"-1,658",-37,652,653,994,970
4588,EPS,0.22,0.17,0.39,0.29,-0.55,-1.42,-0.03,0.56,0.56,0.85,0.41
4588,DPS,—,0.02,0.03,0.05,—,0.10,0.26,0.34,0.65,0.31,0.30
4588,Div Payout,—,9.0,8.4,16.6,—,—,147.6,60.6,71.0,36.4,52.1
4588,Shares,"1,168","1,168","1,168","1,168","1,168","1,168","1,168","1,168","1,168","1,168","1,166"
4588,BVPS,4.34,4.19,3.98,3.76,3.01,5.35,5.83,5.69,4.30,4.15,3.45
4588,OCF,729,946,255,174,"1,129",291,949,"1,365",948,"1,191","1,308"
4588,FCF,499,726,-90,-741,260,-891,"-1,460",-821,-52,772,719
4588,NP Margin,2.48,2.14,3.87,3.05,-5.79,-15.13,-0.26,4.37,4.68,6.27,3.71
4588,ROE,5.20,4.19,9.84,9.20,-16.50,-29.34,-0.56,10.13,11.72,21.85,12.13
4588,Revenue GR,39.40,-18.61,3.85,2.14,0.99,-24.12,-3.29,7.03,-12.05,17.20,5.58
4588,Revenue GR 3Y avg,—,-4.78,2.32,-7.84,-9.50,-7.73,-3.08,3.33,2.86,13.95,1.96
4588,Revenue GR 5Y avg,—,-7.93,-4.70,-4.12,-6.95,-4.14,2.41,6.85,1.79,9.72,6.35
4588,Revenue GR 10Y avg,—,-2.90,0.91,-1.21,1.04,0.97,3.88,—,—,—,—
4588,NP GR,—,—,—,—,—,—,—,-12.39,-12.45,15.39,0.48
4588,NP GR 3Y avg,—,—,-4.27,-10.26,—,—,—,0.15,-7.34,7.92,10.63
4588,NP GR 5Y avg,—,-11.89,-2.09,-8.81,—,—,—,—,—,—,—
4588,NP GR 10Y avg,0.0,0.0,0.0,0.0,0.0,0.0,0.0,0.0,0.0,0.0,0.0
4588,EPS GR,119.79,-55.01,31.86,—,—,—,—,-0.18,-34.31,97.91,-6.72
4588,EPS GR 3Y avg,—,—,—,—,—,—,—,9.07,6.64,35.25,-5.77
4588,EPS GR 5Y avg,—,—,-6.96,-12.00,—,—,—,10.16,1.69,9.48,7.50
4588,EPS GR 10Y avg,—,-9.23,1.24,-5.40,—,—,—,—,—,—,—
4588,OCF GR,—,271.06,46.24,-84.56,288.44,-69.37,-30.47,44.05,-20.43,-8.94,30.54
4588,FCF GR,—,—,—,—,—,—,—,—,—,7.37,123.29
4588,D/E,0.39,0.40,0.45,0.52,0.68,0.79,0.35,0.27,0.24,0.36,0.41
4588,Price,3.2600,3.4000,4.4900,5.4700,5.2000,4.5700,7.8700,10.9600,12.0600,11.9400,7.0000
4707,Year End,TTM,2020-12,2019-12,2018-12,2017-12,2016-12,2015-12,2014-12,2013-12,2012-12,2011-12
4707,Revenue,"5,426","5,412","5,518","5,519","5,260","5,064","4,838","4,809","4,788","4,556","4,701"
4707,NP,542,553,673,659,646,637,591,550,562,505,456
4707,EPS,2.31,2.36,2.87,2.81,2.74,2.72,2.52,2.35,2.40,2.16,1.82
4707,DPS,2.80,2.80,2.80,2.75,2.70,2.50,3.05,2.35,2.15,1.80,1.70
4707,Div Payout,121.2,118.9,98.8,96.3,109.3,85.7,95.4,99.5,89.7,83.3,89.8
4707,Shares,235,235,235,235,235,235,235,235,235,235,235
4707,BVPS,3.16,2.53,2.99,3.02,2.87,3.18,3.45,3.07,3.59,3.20,2.62
4707,OCF,950,909,726,"1,043",704,923,751,857,664,829,582
4707,FCF,621,615,543,892,539,800,558,496,451,670,489
4707,NP Margin,9.98,10.21,12.19,11.94,12.28,12.58,12.21,11.45,11.73,11.09,9.71
4707,ROE,67.78,90.46,102.01,101.82,100.35,93.98,79.52,69.08,71.66,72.60,72.76
4707,Revenue GR,0.99,-1.92,-0.02,4.92,3.89,4.66,0.60,0.44,5.08,-3.08,16.76
4707,Revenue GR 3Y avg,—,0.95,2.91,4.49,3.04,1.88,2.02,0.76,5.94,6.76,6.63
4707,Revenue GR 5Y avg,—,2.27,2.79,2.88,2.92,1.50,3.74,5.13,4.31,5.93,7.49
4707,Revenue GR 10Y avg,—,3.00,3.95,3.59,4.41,4.45,4.46,—,—,—,—
4707,NP GR,—,-5.06,1.84,3.71,5.47,4.29,5.34,6.45,12.80,12.83,10.21
4707,NP GR 3Y avg,—,-1.32,4.10,3.24,5.03,6.90,8.58,9.36,10.50,11.59,11.55
4707,NP GR 5Y avg,—,3.51,6.70,6.81,8.26,9.20,8.27,—,—,—,—
4707,NP GR 10Y avg,0.0,0.0,0.0,0.0,0.0,0.0,0.0,0.0,0.0,0.0,0.0
4707,EPS GR,-5.98,-17.86,2.13,2.03,1.36,7.82,7.23,-2.08,11.11,10.77,16.77
4707,EPS GR 3Y avg,—,-5.06,1.84,3.69,5.43,4.22,5.27,6.42,12.85,12.92,10.38
4707,EPS GR 5Y avg,—,-1.33,4.08,3.20,4.98,6.86,8.58,9.39,10.60,11.56,11.53
4707,EPS GR 10Y avg,—,3.51,6.70,6.84,8.22,9.17,8.26,—,—,—,—
4707,OCF GR,—,25.20,-30.38,48.28,-23.76,22.89,-12.33,29.08,-19.92,42.42,14.33
4707,FCF GR,—,13.20,-39.09,65.39,-32.59,43.39,12.53,9.78,-32.65,37.11,33.92
4707,D/E,0.35,0.47,0.27,0.28,0.13,0.14,0.14,0.12,0.11,0.13,0.53
4707,Price,135.0000,138.9000,147.0000,147.4000,103.2000,78.2000,73.4000,68.5000,68.0000,62.8400,56.2000
4715,Year End,TTM,2020-12,2019-12,2018-12,2017-12,2016-12,2015-12,2014-12,2013-12,2012-12,2011-12
4715,Revenue,"3,196","4,529","10,406","9,928","9,329","8,932","8,395","8,229","8,328","7,892","8,494"
4715,NP,"-2,329","-2,264","1,395",-20,"1,160","2,880","1,258","1,189","1,603","1,403","1,428"
4715,EPS,-0.41,-0.40,0.25,—,0.20,0.51,0.22,0.21,0.28,0.25,0.25
4715,DPS,0.11,0.11,0.11,0.11,0.10,0.07,0.06,0.07,0.09,0.08,0.08
4715,Div Payout,—,—,34.3,—,24.1,27.0,29.1,30.5,32.0,34.8,35.3
4715,Shares,"5,652","5,653","5,663","5,656","5,679","5,672","5,672","5,671","5,672","5,672","5,667"
4715,BVPS,2.52,2.71,3.22,3.10,3.39,3.29,3.37,2.75,2.56,2.32,2.05
4715,OCF,-567,-481,"2,577","2,611","2,155","2,409","1,857","1,541","2,102","1,929","2,116"
4715,FCF,"-1,550","-1,560",56,757,-504,-715,-680,-291,662,"1,260",592
4715,NP Margin,-72.88,-49.99,13.41,-0.20,12.43,32.25,14.98,14.44,19.25,17.77,16.81
4715,ROE,-14.51,-13.55,7.60,-0.10,5.92,14.79,7.11,7.49,11.20,11.18,12.13
4715,Revenue GR,-68.13,-56.48,4.83,6.42,4.45,6.38,2.02,-1.18,5.51,-7.07,59.26
4715,Revenue GR 3Y avg,—,-21.41,5.23,5.74,4.27,2.36,2.08,-1.05,16.01,16.50,20.23
4715,Revenue GR 5Y avg,—,-11.61,4.81,3.58,3.40,1.01,9.50,10.52,11.25,12.64,17.40
4715,Revenue GR 10Y avg,—,-1.62,7.62,7.35,7.92,8.90,8.79,—,—,—,—
4715,NP GR,—,—,-21.46,—,-0.82,21.57,-3.56,-5.93,7.89,1.96,31.08
4715,NP GR 3Y avg,—,—,3.26,—,-3.73,15.06,-0.29,-2.12,20.38,-2.05,8.59
4715,NP GR 5Y avg,—,—,0.53,—,-2.89,11.78,2.66,—,—,—,—
4715,NP GR 10Y avg,0.0,0.0,0.0,0.0,0.0,0.0,0.0,0.0,0.0,0.0,0.0
4715,EPS GR,15.70,—,—,—,-59.79,129.05,5.77,-25.83,14.18,-1.75,12.41
4715,EPS GR 3Y avg,—,—,-21.42,—,-0.87,21.57,-3.60,-5.94,8.04,2.25,31.85
4715,EPS GR 5Y avg,—,—,3.29,—,-3.77,15.05,-0.22,-1.97,20.79,-1.34,7.85
4715,EPS GR 10Y avg,—,—,0.63,—,-2.57,11.39,2.25,—,—,—,—
4715,OCF GR,—,—,-1.28,21.15,-10.57,29.75,20.53,-26.70,8.94,-8.82,44.20
4715,FCF GR,—,—,-92.60,—,—,—,—,—,-47.46,112.71,—
4715,D/E,0.66,0.66,0.50,0.51,0.34,0.16,0.20,0.09,0.10,0.07,0.09
4715,Price,3.0700,2.6900,3.2900,3.0200,5.6300,4.5800,4.3800,4.0700,4.3800,3.5500,3.8300
4731,Year End,TTM,2020-07,2019-07,2018-07,2017-07,2016-07,2015-07,2014-07,2013-07,2012-07,2011-07
4731,Revenue,"3,639","3,517","3,246","2,626","2,402","2,200","1,801","1,590","1,227",881,804
4731,NP,457,390,334,290,256,241,158,148,110,84,77
4731,EPS,0.29,0.25,0.22,0.20,0.18,0.18,0.12,0.11,0.09,0.07,0.06
4731,DPS,0.08,0.07,0.07,0.07,0.05,0.04,0.04,0.03,0.03,0.02,0.02
4731,Div Payout,26.0,26.9,34.0,28.2,31.0,21.2,29.7,27.2,29.1,33.3,28.6
4731,Shares,"1,551","1,547","1,502","1,459","1,400","1,365","1,348","1,327","1,296","1,290","1,291"
4731,BVPS,1.81,1.57,1.39,1.17,0.92,0.83,0.63,0.52,0.44,0.38,0.30
4731,OCF,718,715,557,392,323,380,192,154,213,129,111
4731,FCF,600,581,469,325,195,93,83,81,156,89,92
4731,NP Margin,12.55,11.09,10.28,11.04,10.65,10.95,8.78,9.34,8.99,9.52,9.61
4731,ROE,17.41,16.30,16.73,17.57,18.88,22.75,19.12,22.13,19.11,16.90,17.52
4731,Revenue GR,26.49,8.37,23.61,9.31,9.19,22.16,13.28,29.56,39.28,9.58,15.72
4731,Revenue GR 3Y avg,—,13.55,13.84,13.39,14.75,21.49,26.91,25.51,20.87,20.01,6.99
4731,Revenue GR 5Y avg,—,14.32,15.34,16.43,22.22,22.30,20.98,25.55,13.32,7.52,6.52
4731,Revenue GR 10Y avg,—,17.61,20.34,14.87,14.63,14.14,—,—,—,—,—
4731,NP GR,—,15.09,11.48,22.36,19.90,29.74,23.53,24.33,22.28,30.85,17.43
4731,NP GR 3Y avg,—,19.79,17.59,21.32,24.98,25.54,21.27,31.71,18.25,18.99,22.09
4731,NP GR 5Y avg,—,20.52,24.45,19.77,21.95,23.80,—,—,—,—,—
4731,NP GR 10Y avg,0.0,0.0,0.0,0.0,0.0,0.0,0.0,0.0,0.0,0.0,0.0
4731,EPS GR,57.56,13.50,11.10,9.09,3.77,51.43,4.48,31.37,30.77,8.65,28.19
4731,EPS GR 3Y avg,—,11.22,7.94,19.68,17.97,27.62,21.53,23.13,22.12,30.90,14.14
4731,EPS GR 5Y avg,—,16.67,14.75,18.66,23.05,24.18,20.11,30.97,16.14,16.35,19.07
4731,EPS GR 10Y avg,—,18.38,22.59,17.39,19.65,21.60,—,—,—,—,—
4731,OCF GR,—,28.43,41.93,21.55,-15.11,98.31,24.69,-27.82,64.63,16.67,41.98
4731,FCF GR,—,23.76,44.63,66.41,109.17,12.77,2.64,-48.32,76.11,-4.18,70.20
4731,D/E,0.13,0.14,0.12,0.18,0.11,0.20,0.08,0.11,0.27,0.01,0.02
4731,Price,4.1900,9.1000,8.4200,7.9000,8.6600,12.7000,7.1000,5.6900,5.2900,2.4000,2.5800
