code,detail,TTM,Y1,Y2,Y3,Y4,Y5,Y6,Y7,Y8,Y9,Y10
5130,Year End,TTM,2020-12,2019-12,2018-12,2017-12,2016-12,2015-12,2014-12,2013-12,2012-12,2011-12
5130,Revenue,36,34,23,19,17,15,13,16,16,16,14
5130,NP,22,21,3,12,18,5,15,15,24,24,17
5130,EPS,0.11,0.10,0.02,0.09,0.15,0.04,0.12,0.12,0.20,0.19,0.14
5130,DPS,0.09,0.08,0.06,0.08,0.07,0.05,0.09,0.08,0.08,0.09,0.08
5130,Div Payout,82.4,148.8,92.4,50.0,133.3,62.6,69.9,43.9,44.3,44.0,88.9
5130,Shares,205,205,155,125,125,125,125,125,125,125,125
5130,BVPS,1.30,1.29,1.30,1.45,1.38,1.39,1.36,1.32,1.21,1.21,1.05
5130,OCF,34,27,11,10,12,14,6,14,13,11,12
5130,FCF,34,27,11,10,12,14,6,14,13,11,12
5130,NP Margin,62.36,60.92,15.20,61.76,104.82,32.28,119.88,91.77,148.14,147.96,120.98
5130,ROE,8.45,7.95,1.57,6.39,10.31,2.72,9.03,8.91,15.50,16.81,12.78
5130,Revenue GR,16.93,49.84,22.27,8.53,19.15,12.86,-20.34,-1.99,0.81,15.66,-0.25
5130,Revenue GR 3Y avg,—,25.75,16.50,13.43,2.32,-4.13,-7.67,4.55,5.16,7.98,1.07
5130,Revenue GR 5Y avg,—,21.74,7.29,2.65,1.14,0.54,-1.91,4.46,3.78,10.02,—
5130,Revenue GR 10Y avg,—,9.28,5.87,3.21,5.49,—,—,—,—,—,—
5130,NP GR,—,4.94,-9.36,-9.07,6.96,-42.31,-13.93,-4.65,27.02,41.17,-0.03
5130,NP GR 3Y avg,—,6.32,-25.12,-13.83,-5.60,-22.81,5.30,11.51,7.37,24.89,—
5130,NP GR 5Y avg,—,5.81,-8.62,-3.82,8.58,—,—,—,—,—,—
5130,NP GR 10Y avg,0.0,0.0,0.0,0.0,0.0,0.0,0.0,0.0,0.0,0.0,0.0
5130,EPS GR,26.59,355.11,-75.81,-36.06,286.75,-69.59,4.03,-39.15,0.70,41.45,43.56
5130,EPS GR 3Y avg,—,-11.04,-15.74,-9.06,6.96,-42.26,-13.94,-4.65,26.93,41.23,—
5130,EPS GR 5Y avg,—,-3.70,-28.32,-13.80,-5.60,-22.80,5.30,11.54,7.33,24.91,—
5130,EPS GR 10Y avg,—,0.70,-10.58,-3.81,8.59,—,—,—,—,—,—
5130,OCF GR,—,138.88,11.17,-12.87,-15.40,110.67,-52.87,8.93,13.59,-5.45,-1.93
5130,FCF GR,—,138.88,11.17,-12.87,-15.40,110.67,-52.87,8.93,13.59,-5.45,-1.93
5130,D/E,0.79,0.66,0.54,0.18,0.16,0.12,0.12,0.12,0.12,0.30,0.15
5130,Price,1.3400,1.1500,1.0400,1.1100,1.1100,1.0900,1.1000,1.1900,1.3000,1.2900,1.0700
5131,Year End,TTM,2020-11,2019-11,2018-11,2017-11,2016-11,2015-11,2014-11,2013-11,2012-11,2011-11
5131,Revenue,166,170,170,183,205,191,226,244,417,450,358
5131,NP,49,47,50,52,53,42,53,47,121,117,95
5131,EPS,0.10,0.10,0.11,0.11,0.11,0.09,0.12,0.10,0.26,0.25,0.21
5131,DPS,0.12,0.11,0.08,0.07,0.06,0.06,0.07,0.11,0.12,0.12,0.12
5131,Div Payout,113.2,108.7,65.4,67.1,44.6,82.0,62.2,111.3,39.8,47.1,57.9
5131,Shares,460,460,460,460,460,460,460,460,460,460,460
5131,BVPS,1.22,1.31,1.34,1.27,1.26,1.14,1.14,1.04,1.10,0.98,0.85
5131,OCF,145,63,75,61,51,60,37,46,87,64,74
5131,FCF,143,61,73,59,49,41,15,29,72,47,58
5131,NP Margin,29.30,27.55,29.14,28.65,25.74,21.74,23.48,19.34,29.02,26.00,26.66
5131,ROE,8.38,7.79,8.19,8.91,9.31,7.68,10.48,9.54,25.32,27.74,25.61
5131,Revenue GR,-7.58,-0.10,-7.00,-10.94,7.26,-15.32,-7.29,-41.57,-7.41,25.98,10.83
5131,Revenue GR 3Y avg,—,-6.12,-3.87,-6.82,-5.57,-22.88,-20.55,-12.00,8.94,12.63,5.61
5131,Revenue GR 5Y avg,—,-5.55,-6.95,-15.21,-14.55,-11.76,-6.88,-5.02,6.56,15.35,23.19
5131,Revenue GR 10Y avg,—,-6.22,-5.99,-4.95,-0.72,4.26,—,—,—,—,—
5131,NP GR,—,-3.97,5.99,-0.43,3.88,-29.95,-23.20,-20.93,11.60,12.61,8.47
5131,NP GR 3Y avg,—,-2.48,1.00,-15.43,-14.72,-15.28,-9.44,-10.49,10.13,14.72,8.03
5131,NP GR 5Y avg,—,-6.02,-4.92,-3.49,-1.09,-4.33,—,—,—,—,—
5131,NP GR 10Y avg,0.0,0.0,0.0,0.0,0.0,0.0,0.0,0.0,0.0,0.0,0.0
5131,EPS GR,18.22,-5.57,-5.36,-0.87,26.99,-21.60,12.60,-61.08,3.34,22.88,9.46
5131,EPS GR 3Y avg,—,-3.96,6.01,-0.44,3.88,-29.96,-23.21,-20.94,11.60,2.32,-1.45
5131,EPS GR 5Y avg,—,-2.48,1.01,-15.43,-14.73,-15.29,-9.44,-15.50,3.98,7.12,-1.87
5131,EPS GR 10Y avg,—,-6.02,-7.61,-6.23,-4.42,-8.82,—,—,—,—,—
5131,OCF GR,—,-15.69,22.88,19.47,-15.19,62.35,-18.99,-47.58,36.91,-13.62,-8.93
5131,FCF GR,—,-17.11,23.32,20.17,19.38,167.82,-45.72,-60.34,51.97,-18.64,-0.58
5131,D/E,—,—,—,—,—,—,—,—,—,—,—
5131,Price,1.6800,1.5300,1.4600,1.3000,1.8000,1.3000,1.5100,2.1300,4.8800,2.6000,1.7200
5132,Year End,TTM,2020-12,2019-12,2018-12,2017-12,2016-12,2015-12,2014-12,2013-12,2012-12,2011-12
5132,Revenue,537,592,868,624,534,609,649,657,485,473,396
5132,NP,11,7,33,27,32,27,45,59,50,44,29
5132,EPS,0.02,0.02,0.08,0.07,0.08,0.07,0.11,0.15,0.12,0.11,0.11
5132,DPS,—,0.03,0.04,0.04,0.03,0.05,0.07,0.07,0.06,0.04,0.03
5132,Div Payout,—,142.2,45.6,55.6,45.5,69.3,56.5,46.4,49.5,37.1,45.2
5132,Shares,402,402,401,402,403,404,402,402,400,400,267
5132,BVPS,0.88,0.85,0.85,0.81,0.77,0.73,0.70,0.64,0.57,0.54,0.43
5132,OCF,90,98,85,50,60,51,128,—,—,—,—
5132,FCF,69,71,22,25,58,46,101,-99,-3,29,16
5132,NP Margin,2.02,1.25,3.82,4.36,6.04,4.36,6.99,9.03,10.23,9.39,7.33
5132,ROE,3.13,2.13,9.73,8.31,10.37,8.93,16.00,22.96,21.65,21.96,16.06
5132,Revenue GR,-36.46,-31.81,39.22,16.78,-12.26,-6.27,-1.20,35.61,2.42,19.41,-0.69
5132,Revenue GR 3Y avg,—,3.50,12.57,-1.34,-6.69,7.89,11.12,18.37,6.70,-2.73,-2.31
5132,Revenue GR 5Y avg,—,-1.83,5.73,5.17,2.45,8.96,10.23,5.03,2.66,-6.59,-2.60
5132,Revenue GR 10Y avg,—,4.03,5.38,3.91,-2.18,3.02,—,—,—,—,—
5132,NP GR,—,-38.72,7.73,-15.73,-18.36,-18.82,0.71,26.90,28.72,18.89,7.68
5132,NP GR 3Y avg,—,-30.38,-10.99,-11.33,-6.20,-1.80,14.34,17.53,16.34,12.09,9.92
5132,NP GR 5Y avg,—,-10.78,2.28,1.57,2.54,3.90,—,—,—,—,—
5132,NP GR 10Y avg,0.0,0.0,0.0,0.0,0.0,0.0,0.0,0.0,0.0,0.0,0.0
5132,EPS GR,157.41,-77.60,22.37,-15.73,22.10,-41.95,-23.80,19.69,11.51,53.10,24.93
5132,EPS GR 3Y avg,—,-38.65,7.98,-15.78,-18.56,-19.10,0.56,26.90,28.72,18.89,7.68
5132,EPS GR 5Y avg,—,-30.37,-11.05,-11.44,-6.34,-2.00,14.23,17.53,16.34,5.18,-0.75
5132,EPS GR 10Y avg,—,-10.81,2.25,1.51,-0.74,-1.38,—,—,—,—,—
5132,OCF GR,—,16.20,70.87,-17.66,18.82,-60.40,281.13,-25.43,-13.01,45.95,69.27
5132,FCF GR,—,223.47,-11.20,-56.83,24.48,-54.17,—,—,—,85.94,26.84
5132,D/E,0.05,0.07,0.06,0.02,0.10,0.18,0.27,0.38,0.05,0.02,0.05
5132,Price,0.5600,0.6100,0.9600,0.9850,0.9400,1.0000,1.1000,1.5800,4.4000,1.9400,1.0500
5133,Year End,TTM,2020-12,2019-12,2018-12,2017-12,2016-12,2015-12,2014-12,2013-12,2012-12,2011-12
5133,Revenue,422,422,575,467,460,332,655,624,491,654,650
5133,NP,16,16,62,-21,-46,-114,47,35,13,7,3
5133,EPS,0.10,0.05,0.19,-0.07,-0.14,-0.36,0.15,0.10,0.04,0.03,0.02
5133,DPS,0.04,0.04,0.04,—,0.02,0.05,0.02,0.01,0.01,—,—
5133,Div Payout,40.4,48.3,10.4,—,—,—,14.7,11.1,—,14.3,11.5
5133,Shares,321,321,321,321,321,321,322,322,303,225,209
5133,BVPS,1.16,1.18,1.15,0.97,1.28,1.55,1.73,1.57,1.50,1.54,1.42
5133,OCF,52,52,173,-17,-78,9,47,47,-7,56,111
5133,FCF,34,34,146,-22,-80,4,24,8,-17,29,105
5133,NP Margin,7.43,3.79,10.77,-4.48,-10.00,-34.39,7.21,5.57,2.60,1.14,0.54
5133,ROE,8.66,4.19,17.34,-6.10,-11.95,-23.68,8.89,6.97,3.07,2.17,1.05
5133,Revenue GR,23.63,-26.56,23.04,1.56,38.59,-49.28,4.86,27.27,-24.99,0.57,2.60
5133,Revenue GR 3Y avg,—,-2.82,20.09,-10.63,-9.67,-12.20,0.04,-1.35,-8.19,9.12,5.40
5133,Revenue GR 5Y avg,—,-8.40,-1.63,-0.97,-6.79,-12.58,0.65,4.40,-2.45,3.92,8.56
5133,Revenue GR 10Y avg,—,-3.98,1.34,-1.71,-1.58,-2.58,—,—,—,—,—
5133,NP GR,—,—,—,—,—,—,84.90,115.24,-9.17,-19.63,-56.61
5133,NP GR 3Y avg,—,-19.45,12.25,—,—,—,22.67,19.28,-21.48,-31.88,-34.42
5133,NP GR 5Y avg,—,-0.59,15.71,—,—,—,—,—,—,—,—
5133,NP GR 10Y avg,0.0,0.0,0.0,0.0,0.0,0.0,0.0,0.0,0.0,0.0,0.0
5133,EPS GR,-76.01,-74.13,—,—,—,—,35.93,157.14,27.24,94.72,-79.48
5133,EPS GR 3Y avg,—,—,—,—,—,—,64.45,85.38,-20.19,-22.16,-56.61
5133,EPS GR 5Y avg,—,-19.41,12.30,—,—,—,12.18,9.06,-27.35,-33.17,-44.59
5133,EPS GR 10Y avg,—,-4.92,10.67,—,—,—,—,—,—,—,—
5133,OCF GR,—,-70.04,—,—,—,-80.41,0.89,—,—,-49.62,—
5133,FCF GR,—,-76.88,—,—,—,-83.74,209.26,—,—,-72.78,—
5133,D/E,0.02,0.04,0.01,—,0.01,0.17,0.22,0.35,0.22,0.06,0.30
5133,Price,0.9650,1.0600,1.3600,0.4050,0.8250,0.9500,1.2600,1.7300,2.1500,1.5700,1.1400
5134,Year End,TTM,2020-03,2019-03,2018-03,2017-03,2016-03,2015-03,2014-03,2013-03,2012-03,2011-12
5134,Revenue,704,666,604,767,745,503,562,544,581,561,501
5134,NP,40,32,21,33,49,25,28,38,37,20,29
5134,EPS,0.29,0.23,0.16,0.24,0.36,0.18,0.20,0.28,0.27,0.15,0.21
5134,DPS,0.05,0.05,0.05,0.05,0.05,0.05,0.05,0.06,0.07,0.06,0.06
5134,Div Payout,17.2,28.3,23.4,16.7,18.6,25.4,23.9,20.2,41.2,28.0,—
5134,Shares,137,137,137,137,137,137,137,137,137,137,137
5134,BVPS,4.62,4.49,4.43,4.23,3.98,3.76,3.55,3.36,3.19,3.06,—
5134,OCF,31,30,66,56,17,29,45,36,80,37,34
5134,FCF,18,14,27,22,-4,11,-1,12,67,21,25
5134,NP Margin,5.62,4.80,3.56,4.29,6.53,4.94,4.90,7.06,6.30,3.55,5.86
5134,ROE,6.35,5.35,3.62,5.69,8.98,4.94,5.69,8.34,8.44,4.75,7.41
5134,Revenue GR,8.40,10.31,-21.29,3.05,47.90,-10.43,3.30,-6.43,3.66,56.80,10.63
5134,Revenue GR 3Y avg,—,-3.64,6.25,10.93,11.02,-4.69,0.07,3.70,11.71,11.74,2.51
5134,Revenue GR 5Y avg,—,3.46,2.11,5.70,5.83,0.10,5.20,4.77,8.81,8.50,8.25
5134,Revenue GR 10Y avg,—,4.25,3.27,6.91,6.80,1.09,5.93,6.82,—,—,—
5134,NP GR,—,-13.04,-4.76,6.17,8.19,-12.10,11.37,12.70,66.42,32.27,8.19
5134,NP GR 3Y avg,—,3.06,-10.97,-2.10,19.55,-3.83,22.44,35.59,—,—,168.86
5134,NP GR 5Y avg,—,11.54,7.11,—,—,0.97,9.65,105.23,—,—,—
5134,NP GR 10Y avg,0.0,0.0,0.0,0.0,0.0,0.0,0.0,0.0,0.0,0.0,0.0
5134,EPS GR,-46.52,48.95,-34.76,-32.31,95.65,-9.65,-28.37,4.94,83.78,-78.89,152.15
5134,EPS GR 3Y avg,—,-13.03,-4.76,6.16,8.19,-12.10,11.37,12.70,66.42,32.30,8.19
5134,EPS GR 5Y avg,—,3.06,-10.98,-2.10,19.55,-3.83,22.44,35.61,—,—,168.87
5134,EPS GR 10Y avg,—,11.54,7.11,—,—,0.97,9.65,105.24,—,—,—
5134,OCF GR,—,-54.63,16.77,226.89,-40.47,-35.95,27.08,-55.57,118.41,39.84,76.85
5134,FCF GR,—,-47.76,22.59,—,—,—,—,-81.59,227.53,-54.97,217.08
5134,D/E,0.01,0.01,—,—,—,—,—,—,—,—,—
5134,Price,0.0000,0.0000,2.8000,3.8100,3.9000,4.1300,3.8800,3.8600,3.9800,2.6200,2.3900
5135,Year End,TTM,2020-12,2019-12,2018-12,2017-12,2016-12,2015-12,2014-12,2013-12,2012-12,2011-12
5135,Revenue,512,466,348,311,399,384,334,390,362,430,479
5135,NP,79,61,21,11,-10,22,21,61,40,46,82
5135,EPS,0.28,0.22,0.07,0.04,0.02,0.08,0.08,0.22,0.14,0.17,0.29
5135,DPS,0.10,0.10,0.05,0.05,—,0.04,0.03,0.10,0.09,0.15,0.10
5135,Div Payout,35.2,26.2,104.0,—,—,68.0,20.1,73.8,78.1,90.4,77.3
5135,Shares,279,279,279,280,280,280,280,280,280,280,280
5135,BVPS,2.18,2.09,1.95,1.95,2.39,2.26,2.24,2.18,2.07,2.03,1.82
5135,OCF,104,90,50,33,17,40,11,49,49,63,103
5135,FCF,77,61,16,3,-4,-48,-15,24,15,27,74
5135,NP Margin,15.49,13.19,6.02,3.60,-2.57,5.78,6.37,15.72,10.96,10.78,17.02
5135,ROE,13.60,10.80,3.81,1.90,-1.62,3.50,3.42,10.22,6.89,8.19,15.19
5135,Revenue GR,47.18,34.02,11.82,-22.14,3.96,14.88,-14.28,7.69,-15.84,-10.26,40.65
5135,Revenue GR 3Y avg,—,5.28,-3.27,-2.40,0.79,1.98,-8.07,-6.65,2.03,13.33,22.27
5135,Revenue GR 5Y avg,—,6.86,-2.27,-3.01,-1.48,-4.34,-0.39,5.70,6.66,11.94,27.48
5135,Revenue GR 10Y avg,—,3.17,1.63,1.71,5.01,10.43,—,—,—,—,—
5135,NP GR,—,—,-1.98,-19.33,—,-17.59,-22.84,-9.10,4.93,5.61,16.34
5135,NP GR 3Y avg,—,23.59,-19.35,-22.38,—,-22.91,-9.12,9.26,-5.20,-7.44,5.06
5135,NP GR 5Y avg,—,5.98,-6.12,-14.22,—,-10.01,—,—,—,—,—
5135,NP GR 10Y avg,0.0,0.0,0.0,0.0,0.0,0.0,0.0,0.0,0.0,0.0,0.0
5135,EPS GR,309.13,193.86,87.25,—,—,4.20,-65.24,54.37,-14.35,-43.20,137.52
5135,EPS GR 3Y avg,—,—,-1.93,-19.33,—,-17.62,-22.83,-9.10,4.94,5.61,16.38
5135,EPS GR 5Y avg,—,23.63,-19.33,-22.38,—,-22.92,-9.12,9.26,-5.17,-8.76,2.74
5135,EPS GR 10Y avg,—,6.00,-6.12,-14.21,—,-11.01,—,—,—,—,—
5135,OCF GR,—,81.19,49.84,94.74,-57.41,274.32,-78.32,1.82,-22.39,-39.40,64.80
5135,FCF GR,—,278.11,394.21,—,—,—,—,62.49,-45.37,-63.61,127.80
5135,D/E,0.06,0.08,0.13,0.18,0.18,0.14,0.03,—,0.01,0.06,0.10
5135,Price,2.3000,2.2500,2.1000,1.7000,1.8000,1.8500,2.1200,2.3400,2.5700,2.7000,2.3000
5136,Year End,TTM,2020-03,2019-03,2018-03,2017-03,2016-03,2015-03,2014-03,2013-03,2012-03,2011-03
5136,Revenue,49,108,124,124,117,126,127,121,102,103,91
5136,NP,42,46,11,9,10,16,1,14,12,-16,4
5136,EPS,0.33,0.36,0.09,0.07,0.07,0.13,0.01,0.12,0.10,-0.14,0.03
5136,DPS,0.16,0.16,—,—,—,—,0.03,—,—,—,0.03
5136,Div Payout,47.9,250.0,—,—,—,—,32.2,—,—,93.8,—
5136,Shares,127,126,125,123,123,123,122,120,120,120,120
5136,BVPS,1.26,1.10,1.19,1.10,1.04,0.94,0.91,0.84,0.71,0.65,—
5136,OCF,17,14,21,18,22,25,18,17,14,15,15
5136,FCF,-5,—,11,-3,-2,3,10,12,11,6,12
5136,NP Margin,85.92,42.81,8.61,7.59,8.13,12.91,0.71,11.65,11.71,-15.79,4.23
5136,ROE,28.16,28.12,7.39,7.05,7.73,14.80,0.89,14.78,14.68,-19.37,4.21
5136,Revenue GR,-64.38,-12.84,0.06,5.62,-6.58,-1.18,5.46,17.79,-0.34,12.54,—
5136,Revenue GR 3Y avg,—,-2.70,-0.43,-0.84,-0.89,7.07,7.38,9.73,-2.20,-1.67,—
5136,Revenue GR 5Y avg,—,-3.19,0.57,3.91,2.71,6.60,3.05,2.22,-3.75,9.12,—
5136,Revenue GR 10Y avg,—,-0.12,1.39,0.01,5.86,—,—,—,—,—,—
5136,NP GR,—,69.29,-13.00,118.29,-12.09,10.60,—,53.78,—,—,—
5136,NP GR 3Y avg,—,119.68,-5.32,-4.73,—,33.25,—,2.07,-7.89,—,—
5136,NP GR 5Y avg,—,—,-1.70,-6.32,-13.68,—,—,—,—,—,—
5136,NP GR 10Y avg,0.0,0.0,0.0,0.0,0.0,0.0,0.0,0.0,0.0,0.0,0.0
5136,EPS GR,-62.50,331.76,11.84,-1.30,-41.67,—,-94.02,17.00,—,—,—
5136,EPS GR 3Y avg,—,68.29,-13.65,121.43,-13.02,9.70,—,54.06,—,—,—
5136,EPS GR 5Y avg,—,120.76,-6.19,-5.34,—,32.77,—,1.99,-8.63,—,—
5136,EPS GR 10Y avg,—,—,-2.18,-7.00,-19.32,—,—,—,—,—,—
5136,OCF GR,—,-35.76,15.79,-17.68,-11.59,43.01,2.56,18.43,-2.89,0.05,—
5136,FCF GR,—,-96.87,—,—,—,-72.45,-14.37,8.34,68.44,-48.24,—
5136,D/E,0.19,0.15,0.09,0.10,0.09,0.09,0.07,0.10,0.16,0.19,0.15
5136,Price,1.1900,1.1900,0.5100,0.8800,0.6600,1.0600,0.7800,0.8500,0.7300,0.4100,0.4100
5138,Year End,TTM,2020-12,2019-12,2018-12,2017-12,2016-12,2015-12,2014-12,2013-12,2012-12,2011-12
5138,Revenue,487,468,419,391,555,503,435,496,443,526,655
5138,NP,126,90,31,29,135,124,96,128,98,140,253
5138,EPS,0.16,0.11,0.04,0.04,0.14,0.16,0.12,0.16,0.12,0.18,0.32
5138,DPS,0.07,0.04,0.01,0.07,0.13,0.08,0.08,0.11,0.08,0.16,0.17
5138,Div Payout,44.6,33.1,187.5,84.3,77.7,55.1,67.1,66.7,72.8,91.2,52.0
5138,Shares,800,800,800,800,800,800,800,800,800,800,800
5138,BVPS,2.13,2.10,2.03,2.04,2.53,2.49,2.43,2.39,2.36,2.36,2.20
5138,OCF,142,137,126,102,124,154,90,167,159,153,286
5138,FCF,87,82,40,25,62,42,32,118,119,120,258
5138,NP Margin,25.80,19.31,7.51,7.45,24.29,24.65,22.18,25.89,22.00,26.65,38.63
5138,ROE,7.55,5.36,1.91,1.57,6.56,6.17,4.91,6.63,5.11,7.45,13.90
5138,Revenue GR,19.11,11.71,7.13,-29.60,10.26,15.76,-12.25,11.78,-15.80,-19.60,38.23
5138,Revenue GR 3Y avg,—,-5.56,-5.97,-3.50,3.85,4.33,-6.17,-8.87,-2.19,12.16,—
5138,Revenue GR 5Y avg,—,1.46,-3.32,-2.49,1.06,-5.12,-1.70,5.84,—,11.33,15.57
5138,Revenue GR 10Y avg,—,-0.13,1.16,—,6.50,5.58,—,—,—,—,—
5138,NP GR,—,-12.51,-36.72,-32.92,1.66,8.37,-11.75,-20.25,-16.77,11.92,—
5138,NP GR 3Y avg,—,-1.31,-24.51,-21.48,-0.80,-13.27,-10.62,5.09,—,5.72,18.30
5138,NP GR 5Y avg,—,-6.08,-10.93,—,2.68,2.62,—,—,—,—,—
5138,NP GR 10Y avg,0.0,0.0,0.0,0.0,0.0,0.0,0.0,0.0,0.0,0.0,0.0
5138,EPS GR,-589.33,187.28,7.97,-78.41,8.63,28.69,-24.81,31.58,-30.50,-44.53,49.57
5138,EPS GR 3Y avg,—,-12.51,-36.73,-32.92,1.68,8.38,-11.74,-20.25,-16.77,11.92,—
5138,EPS GR 5Y avg,—,-1.31,-24.52,-21.47,-0.79,-13.27,-10.62,5.10,—,5.72,18.31
5138,EPS GR 10Y avg,—,-6.08,-10.93,—,2.69,2.63,—,—,—,—,—
5138,OCF GR,—,8.63,24.09,-18.01,-19.51,71.20,-46.08,4.94,3.81,-46.44,44.65
5138,FCF GR,—,107.21,61.06,-60.13,47.33,31.92,-73.06,-1.23,-0.27,-53.61,57.71
5138,D/E,0.03,0.03,0.03,—,—,—,—,—,—,—,—
5138,Price,1.8400,1.8000,2.1300,1.6400,2.5500,2.5200,2.4000,2.5100,2.6800,2.8200,2.7600
5139,Year End,TTM,2021-02,2020-02,2019-02,2018-02,2017-02,2016-02,2015-02,2014-02,2013-02,2012-02
5139,Revenue,"1,583","1,562","1,599","1,366","1,235","1,102",965,872,673,467,344
5139,NP,371,234,292,355,300,265,228,216,175,134,96
5139,EPS,1.41,0.88,1.07,1.34,1.39,1.01,0.99,0.97,0.81,0.69,0.41
5139,DPS,0.23,0.23,0.45,0.42,0.42,0.40,0.40,0.34,0.28,0.20,0.16
5139,Div Payout,16.4,30.3,40.8,25.4,33.9,36.1,40.5,54.2,15.6,35.4,35.4
5139,Shares,255,255,255,255,206,248,216,216,216,196,235
5139,BVPS,8.10,6.82,7.34,6.36,7.14,5.36,4.68,3.50,2.54,1.82,1.58
5139,OCF,"1,300","1,158",-911,-739,-167,-726,-689,-735,"-1,034",-680,-247
5139,FCF,"1,243","1,110",-979,-802,-223,-759,-716,-753,"-1,057",-707,-259
5139,NP Margin,22.79,14.33,17.16,24.96,23.19,22.81,22.23,24.06,26.06,28.71,27.77
5139,ROE,19.02,12.26,15.11,18.27,18.55,21.93,21.28,26.19,32.63,34.82,30.67
5139,Revenue GR,6.67,-2.32,17.05,10.58,12.08,14.16,10.74,29.56,44.02,35.69,27.69
5139,Revenue GR 3Y avg,—,8.13,13.21,12.27,12.32,17.88,27.37,36.29,35.64,23.43,22.58
5139,Revenue GR 5Y avg,—,10.10,12.90,15.21,21.47,26.20,29.06,28.54,29.19,25.21,24.30
5139,Revenue GR 10Y avg,—,19.20,20.47,22.00,23.32,25.24,30.17,—,—,—,—
5139,NP GR,—,-7.96,3.29,15.83,11.63,14.76,19.38,31.16,40.35,35.20,25.17
5139,NP GR 3Y avg,—,0.50,6.25,15.13,17.47,22.62,29.19,31.78,29.17,32.06,37.15
5139,NP GR 5Y avg,—,13.94,18.33,21.95,24.55,29.68,32.67,—,—,—,—
5139,NP GR 10Y avg,0.0,0.0,0.0,0.0,0.0,0.0,0.0,0.0,0.0,0.0,0.0
5139,EPS GR,520.80,-18.43,-19.52,-3.46,18.88,17.13,2.32,19.60,18.41,54.90,50.72
5139,EPS GR 3Y avg,—,-14.11,-2.61,10.36,12.53,12.75,13.16,29.93,40.35,39.74,25.16
5139,EPS GR 5Y avg,—,-2.47,2.05,10.47,15.07,21.33,27.60,31.04,29.17,30.46,31.71
5139,EPS GR 10Y avg,—,11.56,15.64,19.46,22.53,26.41,29.21,—,—,—,—
5139,OCF GR,—,—,—,—,—,—,—,—,—,—,—
5139,FCF GR,—,—,—,—,—,—,—,—,—,—,—
5139,D/E,3.23,3.48,3.21,3.00,1.76,3.98,3.97,3.10,3.27,2.78,2.57
5139,Price,11.9000,11.7200,13.8000,16.5400,13.3000,15.7000,11.9200,11.7200,13.3000,12.9800,14.7000
5140,Year End,TTM,2020-03,2019-03,2018-03,2017-03,2016-03,2015-03,2012-12,2011-12,2010-12,2009-12
5140,Revenue,837,747,737,710,584,516,494,442,469,443,366
5140,NP,25,9,13,29,31,31,31,29,35,25,18
5140,EPS,0.03,0.01,0.02,0.04,0.04,0.04,0.04,0.04,0.04,0.03,0.02
5140,DPS,0.01,0.01,0.01,0.01,0.01,0.01,0.01,0.02,0.01,—,0.01
5140,Div Payout,32.6,43.8,56.4,28.2,28.5,32.5,48.3,—,—,—,—
5140,Shares,800,800,800,800,800,800,800,800,800,800,800
5140,BVPS,0.57,0.55,0.46,0.45,0.42,0.39,0.37,—,—,—,—
5140,OCF,76,70,103,42,42,54,47,46,42,36,—
5140,FCF,41,59,-40,18,28,46,-5,27,42,36,—
5140,NP Margin,2.93,1.19,1.77,4.14,5.25,5.94,6.21,6.53,7.37,5.59,5.01
5140,ROE,5.52,2.20,3.56,8.36,9.29,9.89,10.65,11.64,15.22,12.58,10.83
5140,Revenue GR,27.65,1.44,3.74,21.53,13.33,4.32,5.06,-5.70,5.83,—,—
5140,Revenue GR 3Y avg,—,8.55,12.63,12.84,6.77,2.25,2.59,6.48,12.47,—,—
5140,Revenue GR 5Y avg,—,8.62,8.50,6.85,4.52,5.62,6.69,4.51,—,—,—
5140,Revenue GR 10Y avg,—,7.54,6.71,—,—,—,—,—,—,—,—
5140,NP GR,—,-33.82,-24.71,-1.41,1.42,-2.84,5.16,16.32,38.02,—,—
5140,NP GR 3Y avg,—,-21.94,-11.93,-2.57,3.47,8.52,14.51,18.47,—,—,—
5140,NP GR 5Y avg,—,-3.42,0.48,—,—,—,—,—,—,—,—
5140,NP GR 10Y avg,0.0,0.0,0.0,0.0,0.0,0.0,0.0,0.0,0.0,0.0,0.0
5140,EPS GR,198.97,-31.85,-55.58,-4.11,0.20,-0.26,2.71,-16.48,39.59,—,—
5140,EPS GR 3Y avg,—,-33.79,-24.71,-1.41,1.41,-2.84,5.15,16.31,25.40,—,—
5140,EPS GR 5Y avg,—,-21.93,-11.93,-2.57,3.46,8.51,9.36,11.79,—,—,—
5140,EPS GR 10Y avg,—,-5.85,-2.08,—,—,—,—,—,—,—,—
5140,OCF GR,—,-31.89,145.30,1.28,-23.16,16.16,0.93,8.52,15.48,—,—
5140,FCF GR,—,—,—,-37.59,-39.13,—,—,-34.79,15.48,—,—
5140,D/E,0.51,0.58,0.78,0.56,0.10,0.09,0.13,0.08,0.13,0.08,—
5140,Price,1.0500,1.0500,0.7600,1.6600,1.6700,2.1600,1.5900,3.5300,2.5000,2.0000,2.0500
5142,Year End,TTM,2020-12,2019-12,2018-12,2017-12,2016-12,2015-12,2014-12,2013-12,2012-12,2011-12
5142,Revenue,"1,393","1,387","2,494","2,897","2,452","1,243","1,767","2,439","1,779","1,952","1,889"
5142,NP,-242,-295,24,65,113,-228,9,126,32,53,131
5142,EPS,-0.31,-0.38,0.03,0.08,0.15,-0.29,0.01,0.16,0.04,0.07,0.14
5142,DPS,—,—,—,—,—,0.01,0.04,0.04,0.04,0.06,0.05
5142,Div Payout,—,—,—,—,—,—,46.5,31.1,211.5,87.5,68.0
5142,Shares,774,773,770,776,776,777,777,776,779,779,783
5142,BVPS,0.92,0.84,1.31,1.26,1.05,1.36,1.50,1.32,1.24,1.24,—
5142,OCF,150,106,207,197,338,131,173,41,272,97,137
5142,FCF,101,53,145,99,-141,-8,62,-90,56,59,97
5142,NP Margin,-17.38,-21.29,0.97,2.24,4.61,-18.37,0.54,5.15,1.82,2.69,5.84
5142,ROE,-29.37,-35.06,2.49,7.01,13.54,-24.06,0.86,12.20,3.28,5.28,11.44
5142,Revenue GR,2.05,-44.40,-13.89,18.13,97.27,-29.65,-27.54,37.05,-8.82,3.31,24.01
5142,Revenue GR 3Y avg,—,-17.31,26.13,17.91,0.18,-11.27,-3.26,8.88,5.31,0.02,-6.93
5142,Revenue GR 5Y avg,—,-4.73,0.45,10.24,4.67,-8.03,3.01,4.57,-5.36,0.01,2.83
5142,Revenue GR 10Y avg,—,-0.94,2.49,2.14,2.32,-2.75,3.23,—,—,—,—
5142,NP GR,—,—,—,89.96,-3.45,—,-43.55,-1.46,-20.75,-36.61,-0.46
5142,NP GR 3Y avg,—,—,-28.10,14.92,16.56,—,-31.99,-9.45,-24.65,-11.58,21.19
5142,NP GR 5Y avg,—,—,-19.31,-6.94,1.52,—,-19.74,—,—,—,—
5142,NP GR 10Y avg,0.0,0.0,0.0,0.0,0.0,0.0,0.0,0.0,0.0,0.0,0.0
5142,EPS GR,-119.24,—,-62.69,-42.65,—,—,-92.46,289.72,-38.22,-52.62,97.01
5142,EPS GR 3Y avg,—,—,—,90.17,-3.28,—,-43.36,4.49,-16.77,-24.56,-2.62
5142,EPS GR 5Y avg,—,—,-27.99,15.12,16.85,—,-29.88,0.66,-23.02,-12.68,14.06
5142,EPS GR 10Y avg,—,—,-14.86,-5.86,1.01,—,-19.79,—,—,—,—
5142,OCF GR,—,-48.80,5.14,-41.67,156.83,-23.86,325.32,-85.09,179.26,-28.72,249.98
5142,FCF GR,—,-63.27,46.67,—,—,—,—,—,-4.84,-39.43,628.18
5142,D/E,0.43,0.43,0.45,0.14,0.23,—,0.28,0.13,0.19,0.22,0.37
5142,Price,0.8250,0.7950,1.2000,0.6350,1.1100,0.8050,0.9550,1.2100,1.6500,1.6500,2.0700
5143,Year End,TTM,2020-12,2019-12,2018-12,2017-12,2016-12,2015-12,2014-12,2013-12,2012-12,2011-12
5143,Revenue,780,726,765,814,807,702,687,604,525,497,499
5143,NP,58,48,38,38,41,43,40,22,20,22,23
5143,EPS,0.06,0.05,0.04,0.04,0.05,0.05,0.05,0.03,0.03,0.03,0.03
5143,DPS,0.04,0.02,0.02,0.03,0.02,0.02,0.02,0.01,0.01,0.01,0.01
5143,Div Payout,66.2,48.7,53.6,58.3,44.1,42.9,31.3,48.6,55.8,47.1,37.5
5143,Shares,905,896,882,876,872,851,814,780,780,780,780
5143,BVPS,0.43,0.36,0.33,0.32,0.30,0.26,0.23,0.19,0.17,0.17,0.14
5143,OCF,37,48,62,14,24,41,46,21,10,10,15
5143,FCF,27,33,55,6,13,34,42,16,6,9,14
5143,NP Margin,7.49,6.59,4.92,4.64,5.05,6.20,5.79,3.64,3.74,4.43,4.55
5143,ROE,15.65,14.82,12.71,13.91,16.60,20.61,22.86,14.58,14.00,16.87,19.03
5143,Revenue GR,30.60,-5.12,-5.97,0.91,14.99,2.15,13.79,14.97,5.64,-0.40,24.79
5143,Revenue GR 3Y avg,—,-3.44,2.95,5.83,10.16,10.15,11.39,6.55,9.50,17.63,14.59
5143,Revenue GR 5Y avg,—,1.13,4.87,9.17,10.18,7.05,11.43,14.60,9.62,10.66,—
5143,Revenue GR 10Y avg,—,6.15,9.63,9.40,10.42,—,—,—,—,—,—
5143,NP GR,—,5.51,-4.70,-1.66,22.88,30.33,21.71,-1.11,-1.37,4.82,8.11
5143,NP GR 3Y avg,—,3.79,11.38,13.98,13.08,13.88,14.18,2.80,1.80,7.60,—
5143,NP GR 5Y avg,—,8.86,7.00,7.71,10.30,—,—,—,—,—,—
5143,NP GR 10Y avg,0.0,0.0,0.0,0.0,0.0,0.0,0.0,0.0,0.0,0.0,0.0
5143,EPS GR,97.30,25.06,-0.93,-7.71,-8.61,4.64,73.37,12.67,-11.76,—,6.25
5143,EPS GR 3Y avg,—,4.57,-5.81,-4.08,18.36,26.91,19.90,-0.20,-2.13,4.26,4.26
5143,EPS GR 5Y avg,—,1.80,8.68,11.51,10.51,12.52,12.86,2.41,—,3.96,—
5143,EPS GR 10Y avg,—,7.19,5.50,5.60,7.19,—,—,—,—,—,—
5143,OCF GR,—,-23.41,355.31,-42.63,-42.06,-9.51,112.86,104.87,1.46,-31.90,32.11
5143,FCF GR,—,-40.30,880.12,-56.83,-62.00,-18.85,156.85,170.03,-32.98,-37.05,86.82
5143,D/E,—,—,—,—,—,—,—,—,—,—,—
5143,Price,0.7800,0.7450,0.4800,0.5200,0.7550,1.4700,1.6600,0.8200,1.2900,1.2500,1.0100
5147,Year End,TTM,2020-12,2019-12,2018-12,2017-12,2016-12,2015-12,2014-12,2013-12,2012-12,2011-12
5147,Revenue,"1,125","1,053","1,057","1,095",938,697,600,631,543,526,507
5147,NP,55,41,24,21,22,15,4,6,9,9,18
5147,EPS,0.10,0.07,0.04,0.04,0.04,0.03,0.01,0.01,0.02,0.02,0.03
5147,DPS,0.02,0.02,0.01,0.01,0.01,0.01,0.01,0.01,0.01,0.01,0.01
5147,Div Payout,15.7,36.9,37.9,33.2,74.2,79.1,88.1,47.8,37.5,62.6,23.6
5147,Shares,544,544,544,544,544,544,544,544,544,544,544
5147,BVPS,0.38,0.32,0.29,0.26,0.24,0.21,0.21,0.21,0.20,0.19,0.16
5147,OCF,73,55,88,-26,-33,8,53,7,-18,20,16
5147,FCF,72,54,87,-35,-38,4,51,5,-19,14,12
5147,NP Margin,4.92,3.87,2.25,1.96,2.39,2.16,0.67,0.95,1.61,1.65,3.50
5147,ROE,29.99,23.59,15.72,15.47,17.80,13.05,3.62,5.42,8.27,8.47,18.50
5147,Revenue GR,27.97,-0.46,-3.46,16.82,34.47,16.20,-4.85,16.13,3.15,3.76,7.83
5147,Revenue GR 3Y avg,—,3.93,14.89,22.21,14.13,8.69,4.46,7.51,4.89,21.43,12.60
5147,Revenue GR 5Y avg,—,11.90,10.89,15.06,12.23,6.56,4.98,16.48,8.85,—,—
5147,Revenue GR 10Y avg,—,8.38,13.65,11.91,—,—,—,—,—,—,—
5147,NP GR,—,22.08,16.37,74.47,55.38,19.93,-22.61,-30.51,-18.42,-11.13,13.47
5147,NP GR 3Y avg,—,58.78,31.84,19.64,20.79,-3.24,-24.18,-13.61,-6.41,—,—
5147,NP GR 5Y avg,—,9.72,6.72,5.82,—,—,—,—,—,—,—
5147,NP GR 10Y avg,0.0,0.0,0.0,0.0,0.0,0.0,0.0,0.0,0.0,0.0,0.0
5147,EPS GR,338.36,71.62,10.91,-4.25,48.42,273.40,-32.35,-31.73,0.63,-51.12,10.43
5147,EPS GR 3Y avg,—,22.15,16.38,74.42,55.35,19.92,-22.54,-30.49,-18.41,-13.65,13.47
5147,EPS GR 5Y avg,—,58.81,31.83,19.64,20.83,-3.24,-24.16,-15.05,-6.40,—,—
5147,EPS GR 10Y avg,—,9.75,5.82,5.82,—,—,—,—,—,—,—
5147,OCF GR,—,-37.72,—,—,—,-84.14,630.15,—,—,26.00,—
5147,FCF GR,—,-37.84,—,—,—,-91.63,889.01,—,—,15.68,—
5147,D/E,0.05,0.06,0.08,0.06,0.02,0.03,0.03,0.03,0.05,0.09,0.08
5147,Price,1.3500,1.1100,0.6650,0.6700,1.0300,1.4300,0.8650,0.6500,0.6450,0.6200,0.7000
5151,Year End,TTM,2020-12,2019-12,2018-12,2017-12,2016-12,2014-09,2013-09,2012-09,2011-09,2010-09
5151,Revenue,429,419,337,68,69,69,95,96,102,101,90
5151,NP,46,44,2,-11,-12,-22,2,4,4,4,3
5151,EPS,0.04,0.03,—,0.03,-0.07,-0.13,0.02,0.02,0.03,0.03,0.02
5151,DPS,0.03,0.03,0.02,—,—,—,0.02,0.02,0.02,0.01,0.01
5151,Div Payout,71.0,129.5,—,—,—,—,—,—,—,—,—
5151,Shares,"1,304","1,301","1,257","1,143",170,169,160,160,160,160,160
5151,BVPS,0.16,0.15,0.16,0.40,0.46,0.62,—,—,—,—,—
5151,OCF,35,62,35,1,-12,—,2,11,9,3,—
5151,FCF,33,61,31,-6,-12,-5,—,10,7,-1,—
5151,NP Margin,10.68,10.63,0.72,-15.62,-17.23,-31.98,2.30,3.64,4.30,4.30,3.81
5151,ROE,23.71,23.10,1.96,-15.70,-15.13,-23.19,2.34,3.89,5.18,5.55,4.43
5151,Revenue GR,9.80,24.12,394.93,-1.29,0.57,—,-1.91,-5.55,0.74,12.97,—
5151,Revenue GR 3Y avg,—,82.35,70.00,—,-9.21,-9.90,-2.27,2.44,4.83,0.13,—
5151,Revenue GR 5Y avg,—,—,27.39,-6.38,-7.16,-7.13,1.31,-0.91,—,—,—
5151,Revenue GR 10Y avg,—,16.21,13.92,-3.75,—,—,—,—,—,—,—
5151,NP GR,—,—,—,—,—,—,-20.71,0.93,-10.26,-20.30,—
5151,NP GR 3Y avg,—,—,2.10,—,—,—,-18.58,-16.41,—,—,—
5151,NP GR 5Y avg,—,28.42,-8.57,—,—,—,—,—,—,—,—
5151,NP GR 10Y avg,0.0,0.0,0.0,0.0,0.0,0.0,0.0,0.0,0.0,0.0,0.0
5151,EPS GR,11.96,—,—,—,—,—,-38.18,-35.83,25.46,27.63,—
5151,EPS GR 3Y avg,—,—,—,—,—,—,-20.75,0.91,-16.49,-57.32,—
5151,EPS GR 5Y avg,—,—,-30.95,—,—,—,-25.40,-42.55,—,—,—
5151,EPS GR 10Y avg,—,4.71,-28.29,—,—,—,—,—,—,—,—
5151,OCF GR,—,76.34,—,—,—,—,-82.57,28.38,174.33,-66.79,—
5151,FCF GR,—,94.05,—,—,—,—,-95.32,38.28,—,—,—
5151,D/E,0.05,0.06,0.07,0.46,0.35,0.15,0.14,0.01,0.03,0.04,—
5151,Price,1.2600,0.9000,0.6400,0.7500,0.9200,0.2550,0.7000,0.7950,0.6300,0.6200,0.4400
5159,Year End,TTM,2020-06,2019-06,2018-06,2017-06,2016-06,2015-06,2014-06,2013-06,2012-06,2011-06
5159,Revenue,203,202,256,206,189,191,185,198,179,154,141
5159,NP,23,14,23,25,23,21,19,20,20,17,18
5159,EPS,0.14,0.09,0.14,0.16,0.14,0.13,0.12,0.13,0.13,0.11,0.11
5159,DPS,0.03,0.05,0.02,0.05,0.04,0.04,0.04,0.06,0.01,0.02,0.01
5159,Div Payout,21.0,56.6,24.8,34.1,27.6,34.4,33.0,28.4,12.1,13.1,—
5159,Shares,—,160,160,160,160,160,160,160,160,160,160
5159,BVPS,1.58,1.47,1.43,1.32,1.22,1.11,1.04,0.96,0.87,0.76,—
5159,OCF,63,31,44,10,12,5,34,5,13,4,11
5159,FCF,62,30,29,7,10,-7,29,-2,10,-6,9
5159,NP Margin,11.20,7.18,8.93,12.15,11.98,10.93,10.01,10.12,11.45,11.23,12.98
5159,ROE,9.39,6.29,10.40,12.25,12.04,12.13,11.67,13.71,15.51,14.71,18.10
5159,Revenue GR,7.23,-21.09,24.13,9.20,-1.33,3.13,-6.37,10.82,16.04,9.16,—
5159,Revenue GR 3Y avg,—,2.27,10.18,3.58,-1.60,2.28,6.39,11.97,11.88,5.77,—
5159,Revenue GR 5Y avg,—,1.71,5.25,2.89,4.15,6.27,7.76,8.76,—,—,—
5159,Revenue GR 10Y avg,—,4.69,6.99,—,—,—,—,—,—,—,—
5159,NP GR,—,-13.79,2.99,10.48,4.08,0.72,2.41,3.07,9.62,7.57,—
5159,NP GR 3Y avg,—,-4.85,2.64,4.11,5.51,2.69,3.63,7.62,—,—,—
5159,NP GR 5Y avg,—,-0.70,5.10,—,—,—,—,—,—,—,—
5159,NP GR 10Y avg,0.0,0.0,0.0,0.0,0.0,0.0,0.0,0.0,0.0,0.0,0.0
5159,EPS GR,65.00,-35.71,-12.50,14.29,7.69,8.33,-7.69,—,18.18,-3.84,—
5159,EPS GR 3Y avg,—,-13.69,2.50,10.06,2.50,—,2.94,4.36,6.41,0.07,—
5159,EPS GR 5Y avg,—,-5.59,1.49,4.24,4.94,2.59,2.15,3.44,—,—,—
5159,EPS GR 10Y avg,—,-1.80,2.46,—,—,—,—,—,—,—,—
5159,OCF GR,—,-29.95,346.25,-20.37,170.44,-86.63,603.57,-61.49,214.06,-63.05,—
5159,FCF GR,—,2.67,333.83,-34.80,—,—,—,—,—,—,—
5159,D/E,0.01,0.02,0.04,—,0.01,0.04,0.02,—,—,—,—
5159,Price,0.9700,0.6350,1.0800,1.1900,1.3500,1.2400,1.0000,1.2300,0.6500,0.5900,0.6300
5160,Year End,TTM,2020-08,2019-08,2018-08,2017-08,2016-08,2015-08,2014-08,2013-08,2012-08,2011-08
5160,Revenue,182,155,148,166,169,158,146,127,113,103,90
5160,NP,23,24,22,21,31,28,24,20,15,15,11
5160,EPS,0.06,0.06,0.06,0.06,0.08,0.07,0.06,0.05,0.04,0.04,0.03
5160,DPS,0.01,0.01,0.03,0.03,0.04,0.03,0.03,0.03,0.02,0.01,0.01
5160,Div Payout,23.8,46.0,31.4,44.0,63.4,40.3,37.1,43.1,43.4,34.8,88.8
5160,Shares,366,384,392,375,375,379,376,375,375,375,375
5160,BVPS,0.48,0.45,0.42,0.38,0.34,0.31,0.27,0.24,0.20,0.18,0.16
5160,OCF,19,22,34,24,27,28,25,30,19,20,4
5160,FCF,5,9,24,14,22,18,23,28,18,19,-4
5160,NP Margin,12.79,15.17,14.98,12.66,18.28,17.79,16.08,15.92,13.39,14.24,12.04
5160,ROE,12.71,14.22,14.78,15.25,24.81,25.64,24.26,23.33,19.61,21.67,18.00
5160,Revenue GR,36.01,5.18,-11.26,-1.49,7.23,7.61,15.13,12.64,9.36,14.94,-18.32
5160,Revenue GR 3Y avg,—,-2.76,-2.13,4.37,9.93,11.75,12.35,12.29,0.88,-1.62,—
5160,Revenue GR 5Y avg,—,1.19,3.04,8.07,10.35,11.90,5.89,3.24,—,—,—
5160,Revenue GR 10Y avg,—,3.52,3.14,—,—,—,—,—,—,—,—
5160,NP GR,—,-8.61,-7.58,-3.64,15.12,22.84,17.01,23.26,-8.99,-13.46,—
5160,NP GR 3Y avg,—,0.02,1.79,6.86,16.01,20.99,3.27,-2.24,—,—,—
5160,NP GR 5Y avg,—,1.63,-0.25,—,—,—,—,—,—,—,—
5160,NP GR 10Y avg,0.0,0.0,0.0,0.0,0.0,0.0,0.0,0.0,0.0,0.0,0.0
5160,EPS GR,-3.50,8.64,0.57,-31.84,11.35,18.14,16.06,33.86,2.86,36.11,-47.93
5160,EPS GR 3Y avg,—,-9.36,-8.61,-3.57,15.15,22.43,16.91,23.29,-10.00,-16.31,—
5160,EPS GR 5Y avg,—,-0.41,0.91,6.85,16.02,20.77,2.52,-4.20,—,—,—
5160,EPS GR 10Y avg,—,1.04,-1.68,—,—,—,—,—,—,—,—
5160,OCF GR,—,-34.76,43.96,-13.15,-3.43,15.21,-16.61,58.94,-7.10,356.55,-73.81
5160,FCF GR,—,-63.97,77.94,-37.47,17.77,-18.41,-19.06,57.78,-6.66,—,—
5160,D/E,—,—,—,—,—,—,0.01,0.02,0.03,0.04,0.05
5160,Price,0.6050,0.6500,0.6350,0.7050,0.9350,0.8850,0.9150,0.7850,0.4100,0.2900,0.2900
5162,Year End,TTM,2020-12,2019-12,2018-12,2017-12,2016-12,2015-12,2014-12,2013-12,2012-12,2011-12
5162,Revenue,"2,314","2,017","1,802","1,632","1,855","1,823","1,903","1,591","1,326","1,276","1,251"
5162,NP,43,37,30,25,26,30,32,29,27,30,30
5162,EPS,0.24,0.21,0.16,0.14,0.14,0.17,0.18,0.16,0.14,0.17,0.17
5162,DPS,0.06,0.06,0.05,0.05,0.06,0.06,0.06,0.06,0.06,0.08,0.03
5162,Div Payout,23.0,28.3,33.1,32.2,39.7,38.7,33.7,33.7,37.1,50.2,—
5162,Shares,179,179,180,180,180,180,180,180,180,180,180
5162,BVPS,1.94,1.83,1.68,1.58,1.47,1.38,1.34,1.22,1.11,1.04,0.82
5162,OCF,63,38,47,17,-38,4,46,15,20,22,56
5162,FCF,62,37,46,16,-39,3,44,15,19,20,53
5162,NP Margin,1.85,1.82,1.64,1.51,1.42,1.65,1.71,1.85,2.03,2.34,2.41
5162,ROE,12.93,11.46,9.93,8.78,9.94,12.23,14.10,13.73,13.71,16.58,18.83
5162,Revenue GR,79.51,11.94,10.41,-12.01,1.74,-4.20,19.62,19.97,3.93,2.03,-1.64
5162,Revenue GR 3Y avg,—,2.84,-0.39,-4.99,5.25,11.19,14.25,8.36,1.42,-1.75,—
5162,Revenue GR 5Y avg,—,1.17,2.52,4.24,7.77,7.83,8.40,3.41,—,—,—
5162,Revenue GR 10Y avg,—,4.72,2.97,—,—,—,—,—,—,—,—
5162,NP GR,—,11.87,-0.61,-8.85,-3.72,3.88,2.85,-0.79,-2.41,7.39,—
5162,NP GR 3Y avg,—,2.51,0.11,-1.76,-2.53,—,2.35,4.07,—,—,—
5162,NP GR 5Y avg,—,2.43,2.07,—,—,—,—,—,—,—,—
5162,NP GR 10Y avg,0.0,0.0,0.0,0.0,0.0,0.0,0.0,0.0,0.0,0.0,0.0
5162,EPS GR,86.84,24.79,20.44,-6.16,-12.57,-7.22,9.76,10.07,-10.24,-0.80,-2.41
5162,EPS GR 3Y avg,—,12.14,-0.40,-8.70,-3.80,3.87,2.74,-0.67,-4.57,-1.69,—
5162,EPS GR 5Y avg,—,2.73,0.12,-1.67,-2.53,-0.04,0.98,-1.26,—,—,—
5162,EPS GR 10Y avg,—,1.85,-0.57,—,—,—,—,—,—,—,—
5162,OCF GR,—,-20.22,174.14,—,—,-91.16,200.16,-24.45,-9.16,-60.46,91.45
5162,FCF GR,—,-20.47,182.48,—,—,-93.68,203.99,-23.54,-5.50,-62.07,86.23
5162,D/E,0.01,0.01,—,—,—,—,—,—,—,—,—
5162,Price,2.4000,2.0100,1.4400,0.9600,1.2200,1.4000,1.5600,1.1800,1.1600,1.0400,0.8300
5167,Year End,TTM,2020-12,2019-12,2018-12,2017-12,2016-12,2015-12,2014-12,2013-12,2012-12,2011-12
5167,Revenue,45,49,49,41,45,40,36,47,38,46,46
5167,NP,3,5,3,7,3,4,8,14,10,8,10
5167,EPS,0.03,0.05,0.03,0.06,0.03,0.04,0.08,0.13,0.09,0.08,0.09
5167,DPS,0.01,0.01,0.02,0.01,—,0.05,0.05,0.05,0.05,0.05,0.07
5167,Div Payout,35.9,17.3,45.5,22.3,—,162.3,48.2,39.9,59.7,64.5,—
5167,Shares,108,108,108,108,108,108,108,108,108,108,108
5167,BVPS,1.04,1.02,0.99,0.95,0.94,0.88,0.91,0.74,0.67,0.65,0.59
5167,OCF,1,3,1,7,3,-1,5,8,12,4,4
5167,FCF,1,2,1,7,2,-5,-19,6,12,3,1
5167,NP Margin,6.71,10.89,6.16,15.99,6.86,10.43,23.23,30.26,25.71,18.21,21.91
5167,ROE,2.71,4.89,2.80,6.34,3.10,4.24,9.12,17.66,13.49,12.31,15.63
5167,Revenue GR,-42.70,1.47,18.96,-9.36,12.60,11.14,-23.50,23.49,-16.91,-0.47,7.90
5167,Revenue GR 3Y avg,—,3.05,6.68,4.29,-1.44,1.64,-7.76,0.70,-3.73,-10.38,—
5167,Revenue GR 5Y avg,—,6.49,0.64,1.39,-0.36,-2.79,-3.36,-5.88,—,—,—
5167,Revenue GR 10Y avg,—,1.44,-2.68,—,—,—,—,—,—,—,—
5167,NP GR,—,20.25,-10.51,-7.91,-39.92,-24.77,0.03,12.13,1.81,-2.20,—
5167,NP GR 3Y avg,—,-8.48,-26.81,-7.79,-18.05,-16.21,-2.07,9.78,—,—,—
5167,NP GR 5Y avg,—,-5.33,-10.36,—,—,—,—,—,—,—,—
5167,NP GR 10Y avg,0.0,0.0,0.0,0.0,0.0,0.0,0.0,0.0,0.0,0.0,0.0
5167,EPS GR,-128.32,66.67,-50.00,100.00,-25.00,-50.00,-38.46,43.01,17.29,-17.29,2.85
5167,EPS GR 3Y avg,—,18.56,-9.14,-9.14,-38.66,-23.94,1.06,11.53,-0.07,-7.99,—
5167,EPS GR 5Y avg,—,-8.97,-25.42,-7.97,-17.29,-15.65,-2.57,5.49,—,—,—
5167,EPS GR 10Y avg,—,-5.82,-11.30,—,—,—,—,—,—,—,—
5167,OCF GR,—,310.56,-90.74,129.68,—,—,-33.94,-33.61,178.96,16.76,-65.59
5167,FCF GR,—,342.04,-92.47,276.18,—,—,—,-48.59,301.82,450.60,-94.48
5167,D/E,0.02,0.02,0.02,—,—,0.10,0.11,—,—,—,—
5167,Price,0.7850,0.7450,0.7200,0.7400,0.7800,0.7600,1.0500,0.9900,0.7600,0.6500,0.5800
5168,Year End,TTM,2020-03,2019-03,2018-03,2017-03,2016-03,2015-03,2014-03,2013-03,2012-03,2011-03
5168,Revenue,"5,174","2,924","2,827","2,406","1,822","1,498","1,146","1,107","1,032",931,735
5168,NP,"1,881",434,455,439,283,257,210,233,233,201,190
5168,EPS,0.55,0.13,0.14,0.13,0.09,0.08,0.07,0.08,0.08,0.06,0.07
5168,DPS,0.10,0.07,0.08,0.06,0.04,0.04,0.03,0.04,0.03,0.03,0.02
5168,Div Payout,17.8,64.3,59.2,40.5,51.9,45.4,54.1,45.1,79.8,29.9,—
5168,Shares,"3,408","3,385","3,372","3,361","3,302","3,304","3,127","3,084","2,968","3,513","2,915"
5168,BVPS,1.22,0.73,0.66,0.58,0.49,0.45,0.37,0.31,0.25,0.20,—
5168,OCF,"2,332",656,627,404,337,239,207,249,318,200,185
5168,FCF,"2,018",404,194,140,97,-186,-216,53,123,165,163
5168,NP Margin,36.35,14.83,16.10,18.25,15.53,17.18,18.30,21.03,22.61,21.63,25.89
5168,ROE,56.59,18.08,21.42,23.88,17.78,18.58,18.97,27.29,33.74,36.16,44.85
5168,Revenue GR,167.39,3.43,17.52,32.04,21.59,30.75,3.51,7.27,10.84,26.69,—
5168,Revenue GR 3Y avg,—,17.09,23.57,28.04,18.06,13.23,7.17,14.63,21.75,28.07,—
5168,Revenue GR 5Y avg,—,20.61,20.62,18.44,14.37,15.31,14.91,20.09,—,37.43,—
5168,Revenue GR 10Y avg,—,17.73,20.36,—,24.43,27.32,28.88,—,—,—,—
5168,NP GR,—,15.29,20.92,27.91,6.72,3.33,1.36,6.95,17.75,33.57,—
5168,NP GR 3Y avg,—,15.63,14.35,13.47,7.04,6.23,7.97,22.47,27.39,48.94,—
5168,NP GR 5Y avg,—,11.74,18.34,20.23,24.58,32.53,34.51,—,—,—,—
5168,NP GR 10Y avg,0.0,0.0,0.0,0.0,0.0,0.0,0.0,0.0,0.0,0.0,0.0
5168,EPS GR,718.72,-5.11,3.37,52.39,10.01,16.53,-11.46,-3.94,128.41,-47.29,—
5168,EPS GR 3Y avg,—,14.34,20.12,25.01,4.31,-0.30,24.78,4.96,16.94,5.79,—
5168,EPS GR 5Y avg,—,13.89,12.33,10.69,20.02,3.60,6.35,21.04,24.18,26.35,—
5168,EPS GR 10Y avg,—,10.05,16.60,17.24,22.88,30.71,33.41,—,—,—,—
5168,OCF GR,—,4.51,55.32,19.95,40.61,15.96,-17.01,-21.64,58.51,8.40,—
5168,FCF GR,—,107.87,38.56,45.07,—,—,—,-57.19,-25.16,1.06,—
5168,D/E,0.06,0.08,0.09,0.06,0.10,0.14,—,—,0.01,0.02,0.05
5168,Price,8.9300,8.9300,6.8800,4.6300,6.0500,4.9600,4.8500,8.6700,6.8500,4.9400,6.6200
5171,Year End,TTM,2020-12,2019-12,2018-12,2017-12,2016-12,2015-12,2014-12,2013-12,2012-12,2011-12
5171,Revenue,760,795,"1,303","1,012",985,941,"1,054","1,206",947,897,652
5171,NP,11,8,58,61,68,82,71,45,36,50,43
5171,EPS,0.03,0.02,0.17,0.19,0.21,0.26,0.24,0.15,0.15,0.21,0.19
5171,DPS,0.03,0.03,0.03,0.06,0.07,0.06,0.03,0.03,0.05,0.03,0.05
5171,Div Payout,110.7,—,19.0,29.0,30.6,21.9,19.7,17.2,32.5,14.9,10.8
5171,Shares,344,341,335,325,329,312,301,293,240,238,229
5171,BVPS,2.08,2.02,2.07,1.93,1.82,1.66,1.46,1.30,1.19,1.14,0.81
5171,OCF,84,28,11,-138,89,87,63,75,-18,-60,-39
5171,FCF,78,22,-1,-159,71,72,51,56,-55,-136,-51
5171,NP Margin,1.38,1.00,4.48,6.04,6.95,8.71,6.71,3.70,3.77,5.52,6.55
5171,ROE,1.44,1.10,8.43,9.61,11.94,16.40,16.44,12.75,12.45,20.17,21.33
5171,Revenue GR,-14.29,-39.00,28.74,2.75,4.70,-10.72,-12.66,27.39,5.63,37.48,23.61
5171,Revenue GR 3Y avg,—,-6.90,11.47,-1.34,-6.54,-0.22,5.53,22.76,21.53,27.22,—
5171,Revenue GR 5Y avg,—,-5.48,1.55,1.34,1.90,7.60,14.84,22.61,—,—,—
5171,Revenue GR 10Y avg,—,4.18,11.58,—,—,—,—,—,—,—,—
5171,NP GR,—,-51.15,-10.67,-4.73,15.37,31.88,12.62,1.45,-0.78,16.23,—
5171,NP GR 3Y avg,—,-35.35,5.54,11.35,6.71,13.91,14.10,7.18,—,—,—
5171,NP GR 5Y avg,—,-14.11,6.36,—,—,—,—,—,—,—,—
5171,NP GR 10Y avg,0.0,0.0,0.0,0.0,0.0,0.0,0.0,0.0,0.0,0.0,0.0
5171,EPS GR,32.99,-86.57,-7.39,-9.61,-20.78,11.69,54.53,2.49,-28.50,11.37,0.92
5171,EPS GR 3Y avg,—,-51.73,-12.80,-7.18,10.99,20.94,4.23,-6.55,-7.03,2.82,—
5171,EPS GR 5Y avg,—,-36.97,2.74,4.84,0.04,7.09,4.94,-4.45,—,—,—
5171,EPS GR 10Y avg,—,-18.67,-0.92,—,—,—,—,—,—,—,—
5171,OCF GR,—,167.09,—,—,2.99,38.08,-15.88,—,—,—,—
5171,FCF GR,—,—,—,—,-1.70,40.98,-9.71,—,—,—,—
5171,D/E,0.17,0.19,0.22,0.12,0.14,0.13,0.18,0.12,0.30,0.24,0.06
5171,Price,0.8650,0.8950,1.2500,1.0800,2.2200,2.0800,1.3800,1.1900,1.8300,1.3900,1.3700
5176,Year End,TTM,2020-06,2019-06,2018-06,2017-06,2016-06,2015-06,2014-06,2013-06,2012-06,2009-06
5176,Revenue,395,537,557,548,509,495,443,417,406,406,392
5176,NP,91,208,386,428,424,324,541,411,392,420,581
5176,EPS,0.02,0.06,0.13,0.15,0.14,0.11,0.18,0.14,0.14,0.16,0.22
5176,DPS,0.04,0.07,0.09,0.10,0.05,0.02,0.01,0.03,0.01,0.02,—
5176,Div Payout,188.4,75.9,65.5,61.9,36.6,10.6,19.9,10.1,12.7,—,—
5176,Shares,"3,425","2,945","2,945","2,945","2,945","2,941","2,933","2,924","2,780","2,691","2,680"
5176,BVPS,1.59,1.63,1.48,1.43,1.38,1.36,1.25,1.20,1.13,—,—
5176,OCF,—,—,—,—,—,—,—,—,—,—,—
5176,FCF,238,343,396,374,357,350,345,313,297,283,—
5176,NP Margin,23.12,38.80,69.35,78.00,83.33,65.44,122.33,98.56,96.65,103.45,148.01
5176,ROE,1.78,4.35,8.45,9.99,10.27,8.06,14.12,11.43,12.04,14.55,39.03
5176,Revenue GR,-35.45,-3.68,1.61,7.63,2.99,11.75,6.11,2.77,-0.13,—,—
5176,Revenue GR 3Y avg,—,1.75,4.05,7.40,6.89,6.81,2.88,—,0.84,1.17,—
5176,Revenue GR 5Y avg,—,3.93,5.96,6.20,4.62,—,2.02,1.23,4.15,11.92,—
5176,Revenue GR 10Y avg,—,2.88,3.57,5.17,8.21,—,—,—,—,—,—
5176,NP GR,—,-21.14,6.08,-7.56,1.07,-6.21,8.79,—,-9.34,-10.22,—
5176,NP GR 3Y avg,—,-17.40,-1.23,1.74,0.19,—,-1.17,-6.68,2.41,44.59,—
5176,NP GR 5Y avg,—,-8.90,-4.00,2.07,20.36,—,—,—,—,—,—
5176,NP GR 10Y avg,0.0,0.0,0.0,0.0,0.0,0.0,0.0,0.0,0.0,0.0,0.0
5176,EPS GR,-62.04,-50.69,-10.61,0.76,31.00,-40.41,31.29,-0.35,-9.67,—,—
5176,EPS GR 3Y avg,—,-23.70,5.67,-7.69,0.82,-7.96,5.73,—,-10.17,-10.35,—
5176,EPS GR 5Y avg,—,-19.09,-1.59,0.57,-1.60,—,-2.64,-8.29,1.66,44.46,—
5176,EPS GR 10Y avg,—,-10.49,-5.00,1.11,19.23,—,—,—,—,—,—
5176,OCF GR,—,-13.65,5.15,5.83,1.10,2.16,10.38,5.85,4.79,—,—
5176,FCF GR,—,-13.55,6.09,4.70,1.88,1.45,10.28,5.52,4.64,—,—
5176,D/E,0.44,0.04,—,0.07,—,0.35,0.35,0.27,0.38,0.11,—
5176,Price,1.4900,1.6200,1.8700,1.7700,1.7800,1.6600,1.5400,1.4400,1.5400,1.3600,1.1100
5180,Year End,TTM,2020-12,2019-12,2018-12,2017-12,2016-12,2015-12,2014-12,2013-12,2012-12,2011-12
5180,Revenue,244,261,342,350,369,373,345,315,305,289,231
5180,NP,-96,-85,72,136,162,168,226,236,230,250,180
5180,EPS,-0.05,-0.04,0.04,0.07,0.08,0.08,0.12,0.13,0.13,0.14,0.12
5180,DPS,0.03,0.04,0.07,0.08,0.08,0.08,0.09,0.09,0.09,0.05,0.10
5180,Div Payout,—,122.8,170.2,106.7,209.4,97.2,69.5,72.7,64.1,37.6,—
5180,Shares,"2,106","2,056","2,047","2,041","2,035","2,028","1,896","1,776","1,770","1,765","1,499"
5180,BVPS,1.15,1.25,1.26,1.29,1.29,1.30,1.30,1.25,1.22,1.20,0.92
5180,OCF,90,113,191,191,215,227,231,200,195,166,175
5180,FCF,71,89,132,155,193,172,175,148,144,164,175
5180,NP Margin,-39.46,-32.33,21.21,38.73,43.94,45.02,65.55,74.94,75.27,86.60,77.88
5180,ROE,-3.85,-3.35,2.76,5.07,6.03,6.26,9.11,10.53,10.63,12.31,10.62
5180,Revenue GR,-23.98,-23.63,-2.25,-5.09,-0.99,8.06,9.33,3.37,5.49,25.26,—
5180,Revenue GR 3Y avg,—,-10.85,-2.79,0.51,5.37,6.89,6.04,10.96,—,14.81,18.24
5180,Revenue GR 5Y avg,—,-5.39,1.65,2.79,4.99,10.05,—,10.54,16.91,—,—
5180,Revenue GR 10Y avg,—,—,6.00,9.62,—,—,—,—,—,—,—
5180,NP GR,—,—,-24.36,-15.65,-11.81,-9.94,-3.36,9.54,—,23.07,21.63
5180,NP GR 3Y avg,—,—,-21.03,-10.00,-8.33,-1.38,—,11.96,18.11,—,—
5180,NP GR 5Y avg,—,—,-5.97,3.10,—,—,—,—,—,—,—
5180,NP GR 10Y avg,0.0,0.0,0.0,0.0,0.0,0.0,0.0,0.0,0.0,0.0,0.0
5180,EPS GR,-60.64,—,-46.54,-16.69,-3.63,-30.62,-10.44,2.54,-8.59,18.35,—
5180,EPS GR 3Y avg,—,—,-24.56,-17.72,-15.71,-13.95,-5.67,3.52,—,12.58,17.47
5180,EPS GR 5Y avg,—,—,-23.23,-12.55,-10.91,-7.17,—,5.99,11.89,—,—
5180,EPS GR 10Y avg,—,—,-9.80,-1.08,—,—,—,—,—,—,—
5180,OCF GR,—,-40.90,0.24,-11.30,-5.25,-1.71,15.50,2.40,17.71,-5.33,—
5180,FCF GR,—,-32.48,-14.67,-19.84,11.99,-1.75,18.52,2.49,-11.88,-6.29,—
5180,D/E,0.52,0.52,0.48,0.36,0.47,0.47,0.36,0.36,0.37,0.39,0.42
5180,Price,0.6600,0.6250,1.0000,1.0100,1.8300,1.5300,1.3800,1.4300,1.4000,1.8000,1.4400
5183,Year End,TTM,2020-12,2019-12,2018-12,2017-12,2016-12,2015-12,2014-12,2013-12,2012-12,2011-12
5183,Revenue,"15,146","14,362","16,370","19,576","17,407","13,860","13,536","14,597","15,202","16,599","11,887"
5183,NP,"2,583","1,628","2,811","4,979","4,177","2,932","2,782","2,465","3,146","3,518","2,912"
5183,EPS,0.32,0.20,0.35,0.59,0.52,0.36,0.34,0.31,0.39,0.44,0.35
5183,DPS,0.12,0.12,0.29,0.29,0.24,0.17,0.16,0.20,0.22,0.16,0.27
5183,Div Payout,37.0,62.8,62.8,49.8,45.5,51.5,50.0,66.7,48.9,36.3,—
5183,Shares,"8,000","8,000","8,000","8,000","8,000","8,000","8,000","8,000","8,000","8,000","8,000"
5183,BVPS,3.96,3.79,3.73,3.66,3.44,3.15,3.02,2.76,2.66,2.54,2.46
5183,OCF,"3,642","3,015","5,544","5,311","5,311","3,958","4,334","4,195","4,450","4,640",—
5183,FCF,"2,173","1,539","3,193","1,865","1,865",530,"1,476","1,377","2,725","3,676","3,926"
5183,NP Margin,17.05,11.34,17.17,25.43,24.00,21.15,20.55,16.89,20.69,21.19,22.05
5183,ROE,8.32,5.39,9.31,17.07,15.21,11.32,11.71,11.09,14.96,17.42,13.06
5183,Revenue GR,20.15,-12.27,-16.38,12.46,25.59,2.39,-7.27,-3.98,-8.42,39.64,-23.78
5183,Revenue GR 3Y avg,—,-6.21,5.70,13.09,6.04,-3.03,-6.57,7.09,1.51,11.81,-1.43
5183,Revenue GR 5Y avg,—,1.19,2.32,5.19,0.96,3.12,-1.56,3.84,4.44,5.52,—
5183,Revenue GR 10Y avg,—,-0.16,3.06,4.82,3.16,—,—,—,—,—,—
5183,NP GR,—,-26.95,-1.40,21.41,19.22,-2.32,-7.53,-5.40,-3.41,18.59,1.20
5183,NP GR 3Y avg,—,-10.16,2.66,9.62,3.49,0.14,-4.49,2.43,2.34,-2.28,—
5183,NP GR 5Y avg,—,-7.44,2.55,6.01,0.64,—,—,—,—,—,—
5183,NP GR 10Y avg,0.0,0.0,0.0,0.0,0.0,0.0,0.0,0.0,0.0,0.0,0.0
5183,EPS GR,200.00,-41.88,-43.57,19.16,42.23,4.86,12.90,-20.51,-11.36,33.33,-22.53
5183,EPS GR 3Y avg,—,-26.89,-1.47,21.13,18.97,-2.01,-7.34,-2.06,-0.91,18.61,-5.54
5183,EPS GR 5Y avg,—,-10.23,2.52,9.79,3.48,2.15,-2.77,2.56,0.22,-4.13,—
5183,EPS GR 10Y avg,—,-6.67,2.54,5.01,-0.30,—,—,—,—,—,—
5183,OCF GR,—,-45.62,4.39,—,34.18,-8.68,3.31,-5.73,-4.09,6.67,320.92
5183,FCF GR,—,-51.80,71.21,—,251.89,-64.09,7.19,-49.47,-25.87,-6.37,658.55
5183,D/E,0.09,0.10,0.08,—,—,0.01,0.01,0.01,0.01,0.02,0.01
5183,Price,8.0000,7.4300,7.3500,9.2900,7.7000,6.9800,7.2700,5.4500,6.9200,6.4000,6.2000
5185,Year End,TTM,2020-12,2019-12,2018-12,2017-12,2016-12,2015-12,2014-12,2013-12,2012-12,2011-12
5185,Revenue,"2,158","2,284","1,924","1,887","1,551","1,936","1,801","1,810","1,507","1,504","1,382"
5185,NP,176,230,488,503,418,564,369,605,650,629,508
5185,EPS,0.08,0.11,0.23,0.25,0.24,0.28,0.19,0.35,0.41,0.40,0.32
5185,DPS,0.10,0.07,—,0.05,0.07,0.08,0.03,0.15,0.14,0.14,0.11
5185,Div Payout,127.5,41.1,19.8,9.0,28.4,31.7,58.1,40.8,34.8,35.6,27.5
5185,Shares,"2,109","2,088","2,045","1,986","1,742","1,689","1,943","1,717","1,581","1,581","1,581"
5185,BVPS,4.35,4.61,4.69,4.40,4.66,4.53,4.16,4.14,4.10,3.82,3.29
5185,OCF,"1,261","1,486","-5,786","1,412","-1,977",819,"-3,154",-975,"1,408","-2,651","1,142"
5185,FCF,989,"1,212","-5,976","1,269","-2,042",772,"-3,465",-994,"1,385","-2,677","1,104"
5185,NP Margin,8.14,10.09,25.35,26.66,26.94,29.14,20.50,33.44,43.15,41.81,36.77
5185,ROE,1.91,2.44,5.42,5.94,4.93,6.65,4.55,8.45,10.47,10.81,9.41
5185,Revenue GR,-20.98,18.69,1.95,21.65,-19.85,7.45,-0.48,20.15,0.15,8.88,1.18
5185,Revenue GR 3Y avg,—,13.75,-0.20,1.56,-5.01,8.71,6.19,9.42,3.33,5.01,6.68
5185,Revenue GR 5Y avg,—,4.86,1.23,4.61,0.62,6.98,5.70,6.86,5.77,5.69,4.82
5185,Revenue GR 10Y avg,—,5.28,4.01,5.19,3.12,5.89,4.93,—,—,—,—
5185,NP GR,—,-18.01,-4.73,10.86,-11.62,-4.62,-16.26,6.01,9.98,19.15,20.17
5185,NP GR 3Y avg,—,-9.01,-4.23,-5.00,-7.85,2.11,-5.45,10.23,17.30,20.09,17.49
5185,NP GR 5Y avg,—,-7.25,2.75,5.56,5.20,9.53,3.91,—,—,—,—
5185,NP GR 10Y avg,0.0,0.0,0.0,0.0,0.0,0.0,0.0,0.0,0.0,0.0,0.0
5185,EPS GR,-46.40,-53.78,-5.93,5.42,-17.33,52.71,-46.07,-14.25,3.35,23.80,3.95
5185,EPS GR 3Y avg,—,-22.90,-6.41,10.00,-12.03,-10.95,-21.81,3.14,9.97,20.58,21.39
5185,EPS GR 5Y avg,—,-10.36,-7.56,-9.25,-9.61,-2.01,-9.26,9.22,18.01,18.51,13.20
5185,EPS GR 10Y avg,—,-9.82,0.48,3.49,3.50,5.32,0.38,—,—,—,—
5185,OCF GR,—,—,—,—,—,—,—,—,—,—,-53.74
5185,FCF GR,—,—,—,—,—,—,—,—,—,—,-55.02
5185,D/E,0.37,0.36,0.40,0.36,0.25,0.19,0.17,0.13,0.17,0.19,0.20
5185,Price,1.7300,1.8400,1.9000,2.2300,2.3100,2.3900,2.3400,2.9000,4.1500,3.4400,3.0800
5191,Year End,TTM,2020-12,2019-12,2018-12,2017-12,2016-12,2015-12,2014-12,2013-12,2012-12,2011-12
5191,Revenue,165,132,149,179,282,361,368,467,376,297,192
5191,NP,35,25,49,55,84,112,101,102,65,41,23
5191,EPS,0.08,0.06,0.11,0.13,0.19,0.26,0.24,0.25,0.19,0.15,0.11
5191,DPS,0.03,0.03,0.05,0.07,0.10,0.09,0.10,0.07,0.05,0.03,0.04
5191,Div Payout,36.4,61.4,46.5,54.1,41.9,35.8,42.3,27.2,32.6,25.7,—
5191,Shares,434,434,434,433,431,429,428,414,347,276,219
5191,BVPS,1.53,1.47,1.45,1.39,1.33,1.20,1.01,0.90,0.69,0.72,0.52
5191,OCF,18,6,-50,115,58,36,97,-5,57,84,-45
5191,FCF,18,5,-51,115,58,36,95,-6,57,82,-45
5191,NP Margin,20.96,19.09,32.74,30.90,29.79,31.10,27.50,21.88,17.27,13.76,12.19
5191,ROE,5.31,3.89,7.80,9.32,15.04,22.53,23.60,28.89,24.37,21.56,17.00
5191,Revenue GR,236.75,-11.24,-17.14,-36.44,-21.82,-1.85,-21.25,24.03,26.86,54.66,384.35
5191,Revenue GR 3Y avg,—,-22.39,-25.61,-21.29,-15.46,-1.40,7.41,34.51,111.81,—,—
5191,Revenue GR 5Y avg,—,-18.54,-20.47,-13.78,-1.00,13.47,56.15,—,—,—,—
5191,Revenue GR 10Y avg,—,12.78,—,—,—,—,—,—,—,—,—
5191,NP GR,—,-33.09,-24.32,-18.17,-6.29,19.97,35.32,63.48,37.08,—,—
5191,NP GR 3Y avg,—,-24.28,-13.79,-3.14,15.54,36.85,32.00,—,—,—,—
5191,NP GR 5Y avg,—,-0.02,—,—,—,—,—,—,—,—,—
5191,NP GR 10Y avg,0.0,0.0,0.0,0.0,0.0,0.0,0.0,0.0,0.0,0.0,0.0
5191,EPS GR,—,-48.31,-12.28,-34.34,-25.54,10.75,-4.33,31.96,26.33,45.40,-89.07
5191,EPS GR 3Y avg,—,-33.23,-24.59,-18.49,-7.60,11.82,16.84,34.33,-41.45,—,—
5191,EPS GR 5Y avg,—,-24.49,-14.59,-7.33,5.63,20.76,-24.01,—,—,—,—
5191,EPS GR 10Y avg,—,-24.25,—,—,—,—,—,—,—,—,—
5191,OCF GR,—,—,—,97.68,60.09,-62.27,—,—,-32.12,—,—
5191,FCF GR,—,—,—,97.88,60.24,-61.65,—,—,-31.40,—,—
5191,D/E,0.15,0.16,0.19,0.06,0.12,0.18,0.30,0.30,0.24,0.35,0.46
5191,Price,0.6550,0.6750,0.7200,0.7550,1.0200,1.3900,1.4100,1.6200,1.5100,0.7500,0.6200
5195,Year End,TTM,2020-03,2019-03,2018-03,2017-03,2016-03,2015-03,2012-12,2011-12,2010-12,2009-12
5195,Revenue,88,78,63,94,148,165,152,45,43,32,26
5195,NP,-60,-72,1,-9,12,-7,8,9,9,13,10
5195,EPS,-0.12,-0.14,—,-0.02,0.02,-0.03,0.01,0.03,0.03,0.05,0.04
5195,DPS,—,—,—,—,—,—,—,—,0.01,—,—
5195,Div Payout,—,—,—,—,—,—,87.7,—,—,—,—
5195,Shares,502,502,502,502,502,633,581,344,276,266,266
5195,BVPS,0.13,0.26,0.26,0.29,0.32,0.29,0.25,—,—,—,—
5195,OCF,23,3,16,9,48,12,21,4,2,3,—
5195,FCF,22,1,12,6,40,-10,9,-5,-3,—,—
5195,NP Margin,-68.42,-93.02,1.08,-9.68,8.12,-4.36,5.05,20.84,20.33,40.33,39.70
5195,ROE,-59.00,-77.16,0.53,-6.69,8.56,-5.33,6.94,15.55,20.83,58.36,68.88
5195,Revenue GR,42.24,23.07,-32.89,-36.47,-10.09,8.54,72.34,3.29,36.61,—,—
5195,Revenue GR 3Y avg,—,-19.34,-27.36,-14.73,32.58,36.95,44.60,20.56,—,—,—
5195,Revenue GR 5Y avg,—,-12.53,5.69,13.23,27.99,34.77,—,—,—,—,—
5195,Revenue GR 10Y avg,—,—,—,—,—,—,—,—,—,—,—
5195,NP GR,—,—,—,—,6.21,—,-11.32,-2.75,—,—,—
5195,NP GR 3Y avg,—,—,-34.22,—,-0.96,—,—,—,—,—,—
5195,NP GR 5Y avg,—,—,—,—,—,—,—,—,—,—,—
5195,NP GR 10Y avg,0.0,0.0,0.0,0.0,0.0,0.0,0.0,0.0,0.0,0.0,0.0
5195,EPS GR,—,—,—,—,—,—,-27.40,-16.87,-32.22,—,—
5195,EPS GR 3Y avg,—,—,—,—,-8.36,—,-26.24,-10.77,—,—,—
5195,EPS GR 5Y avg,—,—,-37.76,—,-14.02,—,—,—,—,—,—
5195,EPS GR 10Y avg,—,—,—,—,—,—,—,—,—,—,—
5195,OCF GR,—,-78.75,66.79,-80.48,290.04,-40.38,107.26,117.95,-46.18,—,—
5195,FCF GR,—,-90.57,105.55,-85.42,—,—,—,—,—,—,—
5195,D/E,—,0.20,0.12,0.22,0.20,0.33,0.12,0.01,0.01,0.01,0.04
5195,Price,0.3150,0.3150,0.0800,0.1450,0.2150,0.3150,0.2600,0.4350,0.4750,0.4250,0.4100
5196,Year End,TTM,2020-06,2018-04,2017-04,2016-04,2015-04,2014-04,2013-04,2012-04,2011-04,2010-04
5196,Revenue,646,633,640,605,554,377,150,122,89,72,60
5196,NP,2,-20,1,11,21,178,23,19,11,10,9
5196,EPS,0.01,-0.06,—,0.03,0.06,0.54,0.07,0.07,0.08,0.05,0.05
5196,DPS,0.01,0.03,0.04,0.04,0.05,0.06,0.04,0.03,0.04,—,—
5196,Div Payout,156.3,64.4,—,—,—,—,—,—,—,—,—
5196,Shares,356,357,377,379,377,331,323,285,144,191,187
5196,BVPS,1.02,1.03,—,—,—,—,—,—,—,—,—
5196,OCF,—,—,—,—,—,—,—,—,—,—,—
5196,FCF,169,99,13,-5,-9,15,-5,2,6,13,—
5196,NP Margin,0.35,-3.09,0.18,1.89,3.84,47.13,15.08,15.28,12.56,14.17,14.37
5196,ROE,0.63,-5.61,0.30,2.89,5.36,63.74,14.84,18.74,20.82,22.41,21.60
5196,Revenue GR,14.58,-0.49,5.67,9.21,47.13,150.57,23.34,37.60,23.16,—,—
5196,Revenue GR 3Y avg,—,3.23,19.30,59.09,65.67,62.01,27.86,26.37,—,—,—
5196,Revenue GR 5Y avg,—,26.22,39.31,46.87,50.44,44.21,—,—,—,—,—
5196,Revenue GR 10Y avg,—,—,—,—,—,—,—,—,—,—,—
5196,NP GR,—,—,-81.23,-20.40,4.55,151.78,30.53,28.99,—,—,—
5196,NP GR 3Y avg,—,—,-42.46,0.55,15.87,82.88,—,—,—,—,—
5196,NP GR 5Y avg,—,—,—,—,—,—,—,—,—,—,—
5196,NP GR 10Y avg,0.0,0.0,0.0,0.0,0.0,0.0,0.0,0.0,0.0,0.0,0.0
5196,EPS GR,-933.33,—,-89.74,-46.45,-89.49,665.19,7.35,11.80,9.20,—,—
5196,EPS GR 3Y avg,—,—,-82.05,-24.47,-4.77,109.41,9.43,11.97,—,—,—
5196,EPS GR 5Y avg,—,—,-45.64,-12.36,1.07,63.07,—,—,—,—,—
5196,EPS GR 10Y avg,—,—,—,—,—,—,—,—,—,—,—
5196,OCF GR,—,51.05,-15.70,76.22,-25.42,437.75,-12.22,-10.68,-19.86,—,—
5196,FCF GR,—,151.76,—,—,—,—,—,-75.94,-48.75,—,—
5196,D/E,1.12,1.26,0.36,0.32,0.42,0.47,—,—,—,—,—
5196,Price,1.8600,1.1000,1.6600,1.5300,1.7200,1.7400,1.8800,2.8900,1.5000,1.3500,1.0000
5197,Year End,TTM,2020-12,2019-12,2018-12,2017-12,2016-12,2015-12,2014-12,2013-12,2012-12,2011-12
5197,Revenue,79,88,142,203,176,201,181,150,147,133,122
5197,NP,-10,-9,-7,28,12,19,32,16,15,12,14
5197,EPS,-0.10,-0.09,-0.07,0.27,0.11,0.19,0.31,0.16,0.15,0.11,0.14
5197,DPS,0.03,0.03,0.05,0.16,—,0.06,0.15,0.08,0.14,—,0.06
5197,Div Payout,—,—,398.7,37.4,32.7,47.3,51.4,53.7,45.4,—,—
5197,Shares,100,100,102,104,103,103,103,103,103,103,99
5197,BVPS,1.57,1.67,1.71,1.80,1.65,1.53,1.42,1.30,1.23,1.12,0.99
5197,OCF,-8,-1,3,23,16,14,33,15,13,28,8
5197,FCF,-9,-2,-4,18,11,13,29,12,11,27,6
5197,NP Margin,-12.89,-10.30,-4.90,13.97,6.66,9.52,17.55,10.66,10.28,8.73,11.23
5197,ROE,-6.23,-5.47,-3.93,16.04,7.08,12.51,22.88,12.66,12.69,10.25,12.91
5197,Revenue GR,-28.07,-38.35,-30.01,15.58,-12.64,11.48,20.15,2.18,10.85,8.72,1.47
5197,Revenue GR 3Y avg,—,-20.70,-10.93,4.02,5.37,11.03,10.82,7.19,6.94,—,—
5197,Revenue GR 5Y avg,—,-13.45,-1.09,6.68,5.79,10.53,8.47,—,—,—,—
5197,Revenue GR 10Y avg,—,-3.11,—,—,—,—,—,—,—,—,—
5197,NP GR,—,—,—,-3.60,-9.91,8.21,39.84,5.33,14.00,—,—
5197,NP GR 3Y avg,—,—,—,13.43,0.21,6.93,25.43,—,—,—,—
5197,NP GR 5Y avg,—,—,—,—,—,—,—,—,—,—,—
5197,NP GR 10Y avg,0.0,0.0,0.0,0.0,0.0,0.0,0.0,0.0,0.0,0.0,0.0
5197,EPS GR,65.54,—,—,141.29,-38.89,-39.53,97.81,5.93,30.52,-18.61,-4.23
5197,EPS GR 3Y avg,—,—,—,-3.75,-9.92,8.21,39.84,4.01,0.57,—,—
5197,EPS GR 5Y avg,—,—,—,13.32,0.21,6.12,16.35,—,—,—,—
5197,EPS GR 10Y avg,—,—,—,—,—,—,—,—,—,—,—
5197,OCF GR,—,—,-85.84,39.96,14.54,-57.98,127.74,11.33,-53.44,254.32,-54.27
5197,FCF GR,—,—,—,66.09,-19.14,-53.10,138.30,7.07,-58.31,328.62,-46.18
5197,D/E,—,—,—,—,—,—,—,—,—,—,—
5197,Price,0.8250,0.8700,1.0600,1.5100,1.2500,1.6000,2.8800,1.0300,1.1900,0.7200,0.6900
5199,Year End,TTM,2020-06,2019-06,2018-06,2017-06,2016-06,2013-03,2012-03,2011-03,2010-03,2009-03
5199,Revenue,591,646,988,394,261,82,6,2,—,—,—
5199,NP,-91,-49,230,204,106,-60,-4,-5,—,—,—
5199,EPS,-0.06,-0.03,0.14,0.12,0.08,-0.06,-0.01,-0.02,—,—,—
5199,DPS,0.01,—,—,—,—,—,—,—,—,—,—
5199,Div Payout,—,—,—,—,—,—,—,—,—,—,—
5199,Shares,"1,743","1,588","1,588","1,633","1,413","1,059",437,305,—,—,—
5199,BVPS,0.71,0.86,0.76,0.55,0.52,—,—,—,—,—,—
5199,OCF,213,122,496,102,85,62,25,-6,—,—,—
5199,FCF,120,-147,166,44,84,-42,-23,-7,—,—,—
5199,NP Margin,-15.41,-7.62,23.29,51.67,40.61,-73.50,-67.87,-264.19,—,—,—
5199,ROE,-6.54,-4.01,20.60,23.44,16.00,-10.94,-1.77,-4.23,—,—,—
5199,Revenue GR,22.81,-34.55,150.54,50.91,220.25,121.05,234.49,—,—,—,—
5199,Revenue GR 3Y avg,—,35.26,129.63,120.59,156.68,—,—,—,—,—,—
5199,Revenue GR 5Y avg,—,89.82,137.76,—,—,—,—,—,—,—,—
5199,Revenue GR 10Y avg,—,—,—,—,—,—,—,—,—,—,—
5199,NP GR,—,—,—,—,—,—,—,—,—,—,—
5199,NP GR 3Y avg,—,—,—,—,—,—,—,—,—,—,—
5199,NP GR 5Y avg,—,—,—,—,—,—,—,—,—,—,—
5199,NP GR 10Y avg,0.0,0.0,0.0,0.0,0.0,0.0,0.0,0.0,0.0,0.0,0.0
5199,EPS GR,-11.17,—,16.03,66.18,—,—,—,—,—,—,—
5199,EPS GR 3Y avg,—,—,—,—,—,—,—,—,—,—,—
5199,EPS GR 5Y avg,—,—,—,—,—,—,—,—,—,—,—
5199,EPS GR 10Y avg,—,—,—,—,—,—,—,—,—,—,—
5199,OCF GR,—,-75.35,385.87,19.88,36.28,33.18,—,—,—,—,—
5199,FCF GR,—,—,274.56,-46.95,—,—,—,—,—,—,—
5199,D/E,0.01,0.01,—,0.01,—,—,—,—,—,—,—
5199,Price,0.6400,0.6150,1.0700,0.8850,0.4100,0.1800,0.7450,0.8500,1.7500,1.4100,1.6500
5200,Year End,TTM,2020-12,2019-12,2018-12,2017-12,2016-12,2015-12,2014-12,2013-12,2012-12,2011-12
5200,Revenue,610,845,"1,104","1,264","1,082",996,"1,643","1,078","1,246",799,614
5200,NP,303,391,399,379,491,677,417,316,363,301,385
5200,EPS,0.14,0.19,0.21,0.21,0.30,0.43,0.28,0.23,0.28,0.25,0.36
5200,DPS,0.14,0.14,0.14,0.15,0.15,0.15,0.13,0.13,0.12,0.10,—
5200,Div Payout,97.3,59.4,62.0,62.1,37.8,53.0,47.5,55.7,43.8,40.0,—
5200,Shares,"2,063","2,023","1,896","1,782","1,679","1,571","1,472","1,381","1,299","1,225","1,060"
5200,BVPS,2.57,2.53,2.52,2.47,2.36,2.13,2.00,1.86,1.76,1.65,1.26
5200,OCF,416,388,569,305,148,297,277,133,327,204,-35
5200,FCF,401,373,511,238,117,272,268,116,318,197,-82
5200,NP Margin,49.74,46.33,36.17,29.99,45.41,67.93,25.38,29.33,29.13,37.70,62.71
5200,ROE,5.70,7.47,8.20,8.45,12.13,19.44,14.13,12.17,16.00,15.46,23.23
5200,Revenue GR,-62.65,-23.53,-12.60,16.83,8.57,-39.37,52.45,-13.46,55.85,30.24,63.53
5200,Revenue GR 3Y avg,—,-7.91,3.50,-8.38,0.12,-7.17,27.16,20.66,49.17,23.16,7.58
5200,Revenue GR 5Y avg,—,-12.46,0.49,0.29,6.24,10.18,34.36,20.30,20.37,—,—
5200,Revenue GR 10Y avg,—,8.45,9.95,9.87,—,—,—,—,—,—,—
5200,NP GR,—,-7.30,-16.11,-3.14,15.82,23.09,11.44,-6.34,9.19,27.20,43.83
5200,NP GR 3Y avg,—,-1.27,4.79,0.87,10.27,11.95,8.39,16.65,22.92,—,—
5200,NP GR 5Y avg,—,3.45,10.56,11.35,—,—,—,—,—,—,—
5200,NP GR 10Y avg,0.0,0.0,0.0,0.0,0.0,0.0,0.0,0.0,0.0,0.0,0.0
5200,EPS GR,-73.10,-9.52,—,-27.59,-32.56,53.57,21.74,-17.86,12.00,-30.56,17.41
5200,EPS GR 3Y avg,—,-13.15,-21.25,-9.14,8.03,15.37,3.85,-13.87,-2.98,15.78,36.26
5200,EPS GR 5Y avg,—,-7.46,-1.80,-5.59,3.01,3.62,-1.80,7.38,14.50,—,—
5200,EPS GR 10Y avg,—,-4.67,2.69,3.97,—,—,—,—,—,—,—
5200,OCF GR,—,-31.79,86.56,105.84,-50.05,7.30,108.56,-59.41,60.19,—,—
5200,FCF GR,—,-27.14,114.74,104.13,-57.10,1.54,131.78,-63.67,61.12,—,—
5200,D/E,—,—,—,—,—,0.01,0.03,0.02,0.01,0.01,—
5200,Price,1.8000,1.6900,2.0300,2.1200,2.3900,2.3500,2.0600,2.1100,1.9400,1.7400,1.3700
5208,Year End,TTM,2020-09,2019-09,2018-09,2017-09,2016-09,2015-09,2014-09,2012-12,2011-12,2010-12
5208,Revenue,285,284,305,263,271,288,215,199,194,151,164
5208,NP,16,17,21,20,20,16,20,13,14,13,16
5208,EPS,0.06,0.07,0.08,0.07,0.08,0.06,0.08,0.05,0.06,0.06,0.07
5208,DPS,0.03,0.03,0.03,0.03,0.02,0.02,0.02,0.03,0.01,—,—
5208,Div Payout,48.5,41.2,33.3,23.6,39.9,22.8,37.9,28.2,—,—,—
5208,Shares,260,260,260,260,260,260,260,260,248,214,214
5208,BVPS,0.74,0.71,0.66,0.64,0.61,0.55,0.48,0.45,—,—,—
5208,OCF,13,20,25,27,42,-11,19,18,6,4,6
5208,FCF,6,15,9,24,41,-13,17,2,5,—,4
5208,NP Margin,5.64,6.09,6.82,7.63,7.36,5.43,9.11,6.39,7.08,8.44,9.51
5208,ROE,8.56,9.64,12.26,12.42,13.32,11.42,15.77,11.22,15.25,18.04,24.19
5208,Revenue GR,6.34,-6.96,15.95,-2.70,-6.02,34.01,8.05,1.42,28.24,-7.57,—
5208,Revenue GR 3Y avg,—,1.63,1.97,7.01,10.82,11.10,9.81,5.33,—,—,—
5208,Revenue GR 5Y avg,—,5.74,8.95,5.46,10.64,10.32,—,—,—,—,—
5208,Revenue GR 10Y avg,—,—,—,—,—,—,—,—,—,—,—
5208,NP GR,—,-4.60,10.02,0.87,16.13,3.50,12.05,-5.26,—,—,—
5208,NP GR 3Y avg,—,-2.44,10.37,6.81,8.03,0.07,—,—,—,—,—
5208,NP GR 5Y avg,—,—,—,—,—,—,—,—,—,—,—
5208,NP GR 10Y avg,0.0,0.0,0.0,0.0,0.0,0.0,0.0,0.0,0.0,0.0,0.0
5208,EPS GR,-29.15,-16.98,3.69,0.85,27.35,-20.07,53.89,-6.89,-7.19,-18.00,—
5208,EPS GR 3Y avg,—,-4.60,10.02,0.88,16.14,2.22,6.37,-10.06,—,—,—
5208,EPS GR 5Y avg,—,-2.44,10.37,5.95,4.43,-3.26,—,—,—,—,—
5208,EPS GR 10Y avg,—,—,—,—,—,—,—,—,—,—,—
5208,OCF GR,—,-19.12,-7.76,-35.77,—,—,0.52,82.15,58.77,-30.43,—
5208,FCF GR,—,71.90,-62.51,-42.05,—,—,888.84,-43.36,—,-97.33,—
5208,D/E,0.10,0.10,0.09,0.04,0.05,0.06,0.07,0.08,—,0.01,0.02
5208,Price,0.8600,1.2500,1.3600,1.3000,1.7600,1.3200,1.2100,1.4800,0.7050,0.6700,0.0000
5209,Year End,TTM,2020-12,2019-12,2018-12,2017-12,2016-12,2015-12,2014-12,2013-12,2012-12,2011-12
5209,Revenue,"6,233","6,687","6,886","6,233","5,349","4,053","3,619","2,773","2,317","2,125","2,000"
5209,NP,220,213,190,180,195,165,106,168,171,163,229
5209,EPS,0.17,0.17,0.15,0.14,0.13,0.13,0.08,0.13,0.13,0.13,0.18
5209,DPS,0.14,0.14,0.14,0.14,0.13,0.09,0.12,0.12,0.14,0.05,—
5209,Div Payout,80.4,115.5,63.2,78.0,96.5,93.6,125.2,88.2,97.2,38.5,—
5209,Shares,"1,284","1,284","1,284","1,284","1,284","1,284","1,284","1,284","1,284","1,284","1,284"
5209,BVPS,0.78,0.79,0.77,0.76,0.76,0.75,0.74,0.77,0.75,0.79,—
5209,OCF,364,329,119,443,-137,480,97,340,202,213,262
5209,FCF,215,181,-58,285,-308,347,20,229,117,174,226
5209,NP Margin,3.54,3.18,2.76,2.89,3.64,4.07,2.93,6.04,7.40,7.66,11.46
5209,ROE,21.77,20.03,18.39,17.39,18.80,16.59,10.70,16.62,17.04,16.98,22.06
5209,Revenue GR,-28.24,-2.90,10.48,16.53,31.97,11.99,30.49,19.69,9.03,6.26,10.66
5209,Revenue GR 3Y avg,—,7.73,19.33,19.87,24.47,20.49,19.41,11.51,8.63,6.63,—
5209,Revenue GR 5Y avg,—,13.06,19.95,21.88,20.27,15.17,14.90,9.61,—,—,—
5209,Revenue GR 10Y avg,—,13.98,14.66,—,—,—,—,—,—,—,—
5209,NP GR,—,2.99,4.81,19.33,5.11,-1.24,-13.29,-9.90,-16.86,-12.51,—
5209,NP GR 3Y avg,—,14.90,2.55,1.02,3.63,-6.34,-18.67,-7.17,—,—,—
5209,NP GR 5Y avg,—,-3.33,-2.43,—,—,—,—,—,—,—,—
5209,NP GR 10Y avg,0.0,0.0,0.0,0.0,0.0,0.0,0.0,0.0,0.0,0.0,0.0
5209,EPS GR,16.09,13.33,7.14,-6.67,15.38,62.50,-38.46,—,—,-27.16,-23.17
5209,EPS GR 3Y avg,—,4.26,4.89,20.51,4.89,—,-14.94,-10.02,-17.59,-11.78,—
5209,EPS GR 5Y avg,—,16.27,2.90,1.49,2.90,-6.14,-19.20,-7.25,—,—,—
5209,EPS GR 10Y avg,—,-3.07,-2.30,—,—,—,—,—,—,—,—
5209,OCF GR,—,177.65,-73.24,—,—,394.59,-71.44,67.99,-5.17,-18.41,-29.17
5209,FCF GR,—,—,—,—,—,—,-91.42,95.62,-32.67,-23.21,-23.40
5209,D/E,0.11,0.11,0.18,0.18,0.20,0.11,—,—,—,—,—
5209,Price,2.6800,2.7200,2.7500,2.8300,2.8900,2.4700,2.4000,3.2200,3.8700,2.5700,0.0000
5211,Year End,TTM,2020-12,2019-12,2018-12,2017-12,2016-12,2015-12,2014-12,2013-12,2012-12,2011-12
5211,Revenue,"3,874","3,829","4,780","5,410","5,375","4,656","4,448","4,558","4,721","3,849","6,794"
5211,NP,359,363,767,658,639,586,732,734,"1,490",531,"1,056"
5211,EPS,0.07,0.07,0.15,0.13,0.13,0.12,0.16,0.17,0.39,0.12,0.11
5211,DPS,—,0.04,0.05,0.06,0.04,0.05,0.05,0.04,0.04,—,—
5211,Div Payout,—,62.2,34.2,71.1,28.8,34.7,13.5,10.8,28.2,—,4.2
5211,Shares,"5,188","4,963","4,874","4,774","4,924","4,738","4,496","4,334","3,818","3,531","3,577"
5211,BVPS,1.76,1.87,1.94,1.66,1.60,1.51,1.39,1.19,0.97,0.87,0.73
5211,OCF,717,777,828,847,780,668,940,708,"1,093",390,—
5211,FCF,243,300,477,372,258,295,510,704,877,178,447
5211,NP Margin,9.26,9.48,14.91,12.17,11.90,12.58,16.47,16.10,31.57,13.79,15.55
5211,ROE,4.01,4.01,7.91,8.07,8.35,8.35,11.72,13.03,33.47,10.53,23.22
5211,Revenue GR,4.66,-19.90,-11.64,0.65,15.46,4.66,-2.41,-3.46,22.66,-43.34,116.75
5211,Revenue GR 3Y avg,—,-10.69,0.88,6.74,5.65,-0.47,4.94,-12.46,14.63,—,32.73
5211,Revenue GR 5Y avg,—,-2.95,0.96,2.76,6.91,-7.28,7.25,—,15.04,10.11,—
5211,Revenue GR 10Y avg,—,2.02,—,9.53,8.71,—,—,—,—,—,—
5211,NP GR,—,-17.21,9.41,-3.49,-4.49,-26.74,11.34,-11.43,29.37,—,—
5211,NP GR 3Y avg,—,-13.11,0.89,-15.07,3.80,-11.12,1.25,—,—,—,—
5211,NP GR 5Y avg,—,-6.20,—,—,—,—,—,—,—,—,—
5211,NP GR 10Y avg,0.0,0.0,0.0,0.0,0.0,0.0,0.0,0.0,0.0,0.0,0.0
5211,EPS GR,-25.19,-50.00,12.13,1.38,5.12,-24.90,-3.83,-56.60,163.12,-49.78,53.50
5211,EPS GR 3Y avg,—,-17.16,6.12,-7.15,-8.77,-32.07,3.17,-16.92,26.59,—,—
5211,EPS GR 5Y avg,—,-14.81,-2.90,-19.69,-2.81,-16.16,-3.28,—,—,—,—
5211,EPS GR 10Y avg,—,-9.22,—,—,—,—,—,—,—,—,—
5211,OCF GR,—,-6.11,-2.28,8.62,16.74,-28.89,32.70,-35.24,180.59,-55.01,87.57
5211,FCF GR,—,-37.01,28.02,44.20,-12.41,-42.16,-27.61,-19.69,393.63,-60.24,-3.24
5211,D/E,0.24,0.30,0.24,0.30,0.43,0.34,0.43,0.28,0.15,0.27,0.45
5211,Price,1.7000,1.6100,1.8000,1.4700,1.6300,3.0300,3.0800,3.2900,2.7200,2.3800,2.5500
5212,Year End,TTM,2020-12,2019-12,2018-12,2017-12,2016-12,2015-12,2014-12,2013-12,2012-12,2011-12
5212,Revenue,492,499,585,555,490,460,414,402,376,347,23
5212,NP,43,46,263,289,249,312,282,510,327,630,12
5212,EPS,0.01,0.02,0.09,0.10,0.08,0.10,0.09,0.17,0.11,0.21,—
5212,DPS,0.04,0.06,0.09,0.09,0.04,—,—,—,—,0.01,—
5212,Div Payout,292.9,114.7,93.3,96.4,40.3,2.4,1.1,1.6,0.8,2.4,—
5212,Shares,"3,046","3,045","3,039","3,035","3,027","3,021","3,016","3,012","3,008","3,002","3,000"
5212,BVPS,1.25,1.28,1.28,1.28,1.27,1.25,1.24,1.15,1.11,1.10,—
5212,OCF,234,250,349,276,295,323,278,272,259,241,37
5212,FCF,234,250,349,276,294,321,278,272,258,241,34
5212,NP Margin,8.74,9.28,44.87,52.02,50.91,67.90,68.21,126.95,87.15,181.86,54.91
5212,ROE,1.12,1.18,6.60,7.29,6.35,8.03,7.37,13.92,9.60,20.44,0.43
5212,Revenue GR,6.54,-14.68,5.47,13.26,6.59,11.06,2.94,7.08,8.36,1437.44,—
5212,Revenue GR 3Y avg,—,0.64,8.39,10.27,6.81,6.98,6.10,161.29,—,—,—
5212,Revenue GR 5Y avg,—,3.83,7.80,8.13,7.17,82.77,—,—,—,—,—
5212,Revenue GR 10Y avg,—,—,—,—,—,—,—,—,—,—,—
5212,NP GR,—,-42.94,-5.59,0.74,-21.23,-1.56,-23.48,245.51,—,—,—
5212,NP GR 3Y avg,—,-30.33,-12.45,-2.48,-16.92,90.70,—,—,—,—,—
5212,NP GR 5Y avg,—,—,—,—,—,—,—,—,—,—,—
5212,NP GR 10Y avg,0.0,0.0,0.0,0.0,0.0,0.0,0.0,0.0,0.0,0.0,0.0
5212,EPS GR,-9.65,-82.41,-9.15,15.41,-20.23,10.36,-44.75,55.70,-48.17,—,—
5212,EPS GR 3Y avg,—,-43.07,-5.78,0.53,-21.36,-1.71,-23.60,245.71,—,—,—
5212,EPS GR 5Y avg,—,-30.48,-12.60,-2.66,-17.06,90.66,—,—,—,—,—
5212,EPS GR 10Y avg,—,—,—,—,—,—,—,—,—,—,—
5212,OCF GR,—,-28.44,26.44,-6.27,-8.63,15.92,2.52,5.03,7.32,547.57,—
5212,FCF GR,—,-28.58,26.44,-6.05,-8.48,15.52,2.46,5.14,7.30,616.53,—
5212,D/E,0.31,0.28,0.54,0.36,0.37,0.36,0.20,0.19,0.20,0.21,0.25
5212,Price,1.4000,1.5000,1.7400,1.6400,1.6100,1.9000,1.5500,1.4600,1.2800,1.3900,1.0900
5216,Year End,TTM,2021-03,2020-03,2019-03,2018-03,2017-03,2016-03,2013-12,2012-12,2011-12,2010-12
5216,Revenue,138,138,248,220,259,318,241,261,179,78,40
5216,NP,7,7,60,37,67,63,63,82,28,16,8
5216,EPS,—,—,0.02,0.01,0.02,0.02,0.02,0.03,0.01,0.01,—
5216,DPS,0.01,0.01,0.02,0.01,0.03,0.01,0.01,0.01,—,—,—
5216,Div Payout,555.6,142.9,56.4,111.8,79.7,84.9,32.6,—,—,—,—
5216,Shares,"3,984","3,984","4,046","2,700","2,700","2,700","2,700","2,700","2,289","2,701","2,699"
5216,BVPS,0.08,0.09,0.11,0.10,0.10,0.09,0.09,—,—,—,—
5216,OCF,80,80,130,67,111,74,75,64,-42,-4,—
5216,FCF,77,77,119,43,61,32,29,-49,-88,-12,—
5216,NP Margin,5.28,5.28,24.37,16.64,26.00,19.68,26.13,31.41,15.73,20.25,19.25
5216,ROE,3.03,3.03,23.22,13.77,25.47,24.76,26.93,56.76,35.04,37.91,22.42
5216,Revenue GR,-49.08,-44.08,12.74,-15.10,-18.77,31.93,-3.38,45.89,127.95,98.24,—
5216,Revenue GR 3Y avg,—,-18.81,-8.04,-3.10,-0.19,14.55,30.26,87.51,77.15,41.76,—
5216,Revenue GR 5Y avg,—,-10.52,-0.83,3.35,21.03,39.60,38.04,56.78,—,—,—
5216,Revenue GR 10Y avg,—,13.85,21.55,—,—,—,—,—,—,—,—
5216,NP GR,—,-52.29,-1.26,-16.63,-4.53,20.75,38.30,120.76,45.64,22.78,—
5216,NP GR 3Y avg,—,-35.02,-4.77,4.28,25.97,40.10,36.28,57.02,—,—,—
5216,NP GR 5Y avg,—,-1.94,18.92,—,—,—,—,—,—,—,—
5216,NP GR 10Y avg,0.0,0.0,0.0,0.0,0.0,0.0,0.0,0.0,0.0,0.0,0.0
5216,EPS GR,-145.65,-91.95,64.94,-45.58,7.33,-0.64,-10.97,146.88,108.90,108.51,—
5216,EPS GR 3Y avg,—,-58.34,-1.24,-16.59,-4.53,16.14,38.31,120.72,53.90,22.78,—
5216,EPS GR 5Y avg,—,-40.10,-4.76,1.58,25.97,40.08,36.29,57.02,—,—,—
5216,EPS GR 10Y avg,—,-5.42,18.93,—,—,—,—,—,—,—,—
5216,OCF GR,—,-38.53,93.95,-39.57,49.58,-1.20,7.23,—,—,—,—
5216,FCF GR,—,-34.73,177.86,-29.74,91.62,8.98,—,—,—,—,—
5216,D/E,0.20,0.20,0.23,0.30,0.34,0.31,0.31,0.76,0.68,0.08,0.03
5216,Price,0.5500,0.5500,0.7800,0.5150,0.8800,1.2600,1.3000,1.1400,2.1900,2.0200,0.0000
5219,Year End,TTM,2020-06,2019-06,2018-06,2017-06,2016-06,2015-06,2013-12,2012-12,2011-12,2010-12
5219,Revenue,858,798,811,835,498,518,395,182,136,128,108
5219,NP,50,51,79,58,95,70,55,21,17,12,10
5219,EPS,0.07,0.07,0.10,0.08,0.13,0.09,0.10,0.03,—,0.04,1.51
5219,DPS,—,—,—,—,0.03,0.01,0.03,0.01,—,—,—
5219,Div Payout,—,—,—,—,25.2,13.6,48.8,—,—,—,—
5219,Shares,—,764,764,764,754,746,582,577,537,337,7
5219,BVPS,0.79,0.67,0.58,0.56,0.49,0.37,0.22,—,—,—,—
5219,OCF,176,-151,-240,-80,-114,83,-89,-37,-15,—,18
5219,FCF,66,-213,-247,-97,-139,69,-96,-42,-21,—,18
5219,NP Margin,5.78,6.45,9.73,6.94,19.05,13.50,13.89,11.40,12.14,9.41,9.54
5219,ROE,8.94,10.32,16.82,13.40,26.22,25.12,30.43,26.28,31.94,37.25,51.20
5219,Revenue GR,5.13,-1.70,-2.81,67.55,-3.72,31.08,67.96,33.55,6.71,18.37,—
5219,Revenue GR 3Y avg,—,16.98,16.17,28.36,33.41,46.49,38.12,19.04,16.29,35.21,—
5219,Revenue GR 5Y avg,—,15.10,31.27,39.08,28.11,33.01,31.79,28.64,25.76,—,—
5219,Revenue GR 10Y avg,—,23.55,30.00,32.55,—,—,—,—,—,—,—
5219,NP GR,—,-18.46,4.16,1.87,54.49,51.00,54.39,26.34,66.00,53.86,—
5219,NP GR 3Y avg,—,-1.27,27.55,25.64,45.63,41.69,63.99,44.45,47.52,—,—
5219,NP GR 5Y avg,—,28.77,35.33,35.60,—,—,—,—,—,—,—
5219,NP GR 10Y avg,0.0,0.0,0.0,0.0,0.0,0.0,0.0,0.0,0.0,0.0,0.0
5219,EPS GR,21.29,-30.00,25.00,-38.46,40.54,-2.63,91.30,14.29,-94.17,-64.29,—
5219,EPS GR 3Y avg,—,-18.64,2.63,-5.57,44.34,36.06,-39.15,-71.23,-61.26,3.00,—
5219,EPS GR 5Y avg,—,-5.92,20.42,18.47,-22.81,-39.83,-27.14,-40.78,-38.39,—,—
5219,EPS GR 10Y avg,—,-17.70,-14.11,-13.22,—,—,—,—,—,—,—
5219,OCF GR,—,—,—,—,—,—,—,—,—,-97.28,—
5219,FCF GR,—,—,—,—,—,—,—,—,—,—,—
5219,D/E,1.19,1.35,1.39,0.82,0.67,0.36,0.16,0.10,0.05,0.07,0.11
5219,Price,1.1600,0.9000,1.1100,1.5500,1.6200,6.7000,4.9200,3.0500,1.0600,0.0000,0.0
5222,Year End,TTM,2020-12,2019-12,2018-12,2017-12,2016-12,2015-12,2014-12,2013-12,2012-12,2011-12
5222,Revenue,"14,686","14,076","13,214","13,410","16,940","17,241","15,559","16,369","12,568","12,886","7,475"
5222,NP,253,146,-246,"-1,080",144,31,107,325,982,806,942
5222,EPS,0.07,0.04,-0.07,-0.29,0.03,—,0.05,0.08,0.27,0.28,0.47
5222,DPS,0.05,0.02,—,—,0.06,0.02,0.06,0.16,0.14,0.06,—
5222,Div Payout,72.2,83.3,—,—,20.4,—,—,102.1,43.0,19.3,—
5222,Shares,"3,648","3,648","3,648","3,645","3,648","3,648","3,648","3,648","3,648","3,648","2,773"
5222,BVPS,1.14,1.13,1.13,1.30,1.58,1.71,1.76,1.71,1.73,1.67,—
5222,OCF,"1,630","1,756","1,975",957,"1,618","1,118",-469,"1,566",745,715,"1,854"
5222,FCF,"1,197","1,317","1,346",-24,596,152,"-1,364",886,485,497,"1,719"
5222,NP Margin,1.72,1.04,-1.86,-8.05,0.85,0.18,0.69,1.99,7.82,6.25,12.60
5222,ROE,6.17,3.47,-5.69,-21.42,2.52,0.51,1.67,5.03,15.50,13.91,22.32
5222,Revenue GR,21.93,6.52,-1.46,-20.84,-1.75,10.81,-4.95,30.25,-2.47,72.40,137.33
5222,Revenue GR 3Y avg,—,-5.99,-8.49,-4.83,1.15,11.11,6.48,29.86,58.61,175.62,—
5222,Revenue GR 5Y avg,—,-1.98,-4.19,1.31,5.62,18.19,37.64,92.74,—,—,—
5222,Revenue GR 10Y avg,—,16.15,35.89,—,—,—,—,—,—,—,—
5222,NP GR,—,0.56,—,—,-23.85,-68.24,-48.99,-29.83,50.20,54.48,—
5222,NP GR 3Y avg,—,6.44,—,—,-29.17,-49.33,-18.08,8.29,—,—,—
5222,NP GR 5Y avg,—,-6.62,—,—,—,—,—,—,—,—,—
5222,NP GR 10Y avg,0.0,0.0,0.0,0.0,0.0,0.0,0.0,0.0,0.0,0.0,0.0
5222,EPS GR,-75.13,—,—,—,333.33,-68.97,-67.42,-66.91,-5.61,2.52,155.86
5222,EPS GR 3Y avg,—,0.85,—,—,-24.04,-67.78,-53.31,-31.59,35.28,51.52,—
5222,EPS GR 5Y avg,—,6.64,—,—,-32.82,-49.65,-23.22,1.67,—,—,—
5222,EPS GR 10Y avg,—,-9.51,—,—,—,—,—,—,—,—,—
5222,OCF GR,—,-11.12,106.39,-40.83,44.74,—,—,110.17,4.24,-61.44,—
5222,FCF GR,—,-2.20,—,—,291.77,—,—,82.83,-2.51,-71.08,—
5222,D/E,1.41,1.38,1.43,1.37,1.07,1.00,0.99,1.05,1.06,1.11,1.31
5222,Price,1.3500,1.2800,1.5200,0.7150,1.6900,1.5500,1.7100,2.1800,4.4900,4.6200,0.0000
5225,Year End,TTM,2020-12,2019-12,2018-12,2017-12,2016-12,2015-12,2014-12,2013-12,2012-12,2011-12
5225,Revenue,"13,790","13,400","14,908","11,517","11,141","10,014","8,448","7,339","6,752","6,979","5,191"
5225,NP,984,289,551,628,970,612,934,754,631,799,246
5225,EPS,0.10,0.02,0.05,0.07,0.11,0.07,0.11,0.09,0.08,0.11,0.06
5225,DPS,0.04,0.04,0.03,0.03,0.03,0.03,0.03,0.02,—,—,—
5225,Div Payout,39.2,—,27.5,185.1,30.5,23.0,32.5,21.9,—,—,—
5225,Shares,"8,780","8,779","8,775","8,292","8,241","8,234","8,224","8,193","8,151","7,023","6,129"
5225,BVPS,2.73,2.66,2.79,2.68,2.97,2.67,2.71,2.27,2.20,2.14,—
5225,OCF,"2,549","2,445","2,447","1,864","2,261","1,934","1,986","1,630","1,338","1,166","1,356"
5225,FCF,"1,738","1,541","1,366",803,755,-354,613,711,-103,254,471
5225,NP Margin,6.49,1.49,3.11,5.45,8.71,6.12,11.06,10.28,9.35,11.45,4.73
5225,ROE,3.77,0.82,1.90,2.60,4.21,2.77,4.49,4.02,3.57,4.76,2.56
5225,Revenue GR,10.99,-10.12,29.44,3.38,11.25,18.54,15.10,8.69,-3.24,34.44,15.18
5225,Revenue GR 3Y avg,—,6.35,14.19,10.88,14.93,14.04,6.58,12.24,14.43,20.93,—
5225,Revenue GR 5Y avg,—,9.67,15.23,11.27,9.81,14.04,13.39,13.21,—,—,—
5225,Revenue GR 10Y avg,—,11.51,14.22,—,—,—,—,—,—,—,—
5225,NP GR,—,-33.22,-3.43,-12.40,8.74,-1.00,5.34,45.35,100.15,19.89,—
5225,NP GR 3Y avg,—,-20.92,-6.07,-0.11,3.96,20.04,64.00,10.23,—,—,—
5225,NP GR 5Y avg,—,13.88,1.75,—,—,—,—,—,—,—,—
5225,NP GR 10Y avg,0.0,0.0,0.0,0.0,0.0,0.0,0.0,0.0,0.0,0.0,0.0
5225,EPS GR,-203.33,-57.01,-19.14,-42.21,51.88,-34.51,23.34,18.99,-31.99,273.11,211.22
5225,EPS GR 3Y avg,—,-41.43,-10.80,-16.85,7.05,-1.31,-0.06,44.54,99.15,25.55,—
5225,EPS GR 5Y avg,—,-27.53,-10.53,-3.34,-0.14,19.52,63.24,9.88,—,—,—
5225,EPS GR 10Y avg,—,8.76,-0.85,—,—,—,—,—,—,—,—
5225,OCF GR,—,-0.11,31.29,-17.54,16.91,-2.62,21.78,21.88,14.77,-14.04,240.06
5225,FCF GR,—,12.82,70.05,6.39,—,—,-13.75,—,—,-46.16,123.17
5225,D/E,0.42,0.43,0.41,0.39,0.25,0.31,0.29,0.18,0.23,0.14,0.17
5225,Price,5.3200,5.5000,5.4700,5.3900,5.8600,6.3500,6.5800,4.8200,3.8600,3.3700,0.0000
5226,Year End,TTM,2020-12,2019-12,2018-12,2017-12,2016-12,2015-12,2014-12,2013-12,2012-12,2011-12
5226,Revenue,212,202,414,585,469,330,273,534,406,320,237
5226,NP,-54,-54,36,61,48,23,-10,53,43,22,50
5226,EPS,-0.11,-0.11,0.06,0.10,0.12,0.06,-0.02,0.10,0.12,0.07,0.41
5226,DPS,0.01,0.01,0.01,0.04,—,—,—,0.02,0.02,—,—
5226,Div Payout,—,—,28.5,20.9,—,—,—,20.1,14.1,—,—
5226,Shares,494,493,609,600,559,398,397,538,366,330,121
5226,BVPS,0.84,0.90,1.04,1.00,0.93,0.84,0.80,0.81,0.67,0.59,—
5226,OCF,-8,-17,-45,-24,149,30,-68,3,-84,-24,23
5226,FCF,-14,-20,-46,-30,148,28,-78,-52,-137,-27,22
5226,NP Margin,-25.40,-26.92,8.77,10.46,10.23,6.86,-3.55,9.91,10.54,6.76,21.03
5226,ROE,-11.13,-11.36,7.40,13.04,11.85,6.81,-2.95,18.12,18.36,12.80,40.72
5226,Revenue GR,12.55,-51.14,-29.27,24.68,42.24,21.12,-48.98,31.47,27.16,34.94,—
5226,Revenue GR 3Y avg,—,-24.47,7.84,29.02,-4.21,-6.69,-5.17,31.15,—,—,—
5226,Revenue GR 5Y avg,—,-5.79,-4.97,7.57,8.00,6.87,—,—,—,—,—
5226,Revenue GR 10Y avg,—,—,—,—,—,—,—,—,—,—,—
5226,NP GR,—,—,17.05,—,-3.19,-19.16,—,2.07,—,—,—
5226,NP GR 3Y avg,—,—,-7.27,7.40,17.32,-14.59,—,—,—,—,—
5226,NP GR 5Y avg,—,—,—,—,—,—,—,—,—,—,—
5226,NP GR 10Y avg,0.0,0.0,0.0,0.0,0.0,0.0,0.0,0.0,0.0,0.0,0.0
5226,EPS GR,15.63,—,-41.55,18.59,51.21,—,—,-16.68,78.52,-84.08,—
5226,EPS GR 3Y avg,—,—,1.58,—,-4.09,-21.37,—,-38.13,—,—,—
5226,EPS GR 5Y avg,—,—,-9.37,-2.71,5.59,-32.69,—,—,—,—,—
5226,EPS GR 10Y avg,—,—,—,—,—,—,—,—,—,—,—
5226,OCF GR,—,—,—,—,404.60,—,—,—,—,—,—
5226,FCF GR,—,—,—,—,426.20,—,—,—,—,—,—
5226,D/E,0.04,0.04,0.04,0.06,0.06,0.21,0.26,0.04,0.14,0.07,0.24
5226,Price,0.6250,0.6800,1.1800,0.8550,1.9300,0.9050,0.8300,1.2500,1.0600,1.0900,0.0000
5227,Year End,TTM,2020-12,2019-12,2018-12,2017-12,2016-12,2015-12,2014-12,2013-12,2012-12,2011-12
5227,Revenue,440,465,552,536,525,507,489,462,431,115,—
5227,NP,212,237,316,334,343,278,254,318,312,153,—
5227,EPS,0.06,0.07,0.09,0.09,0.10,0.08,0.07,0.09,0.09,0.04,—
5227,DPS,0.07,0.07,0.09,0.12,0.04,—,—,—,0.05,—,—
5227,Div Payout,113.5,104.6,94.5,97.1,52.3,2.8,2.0,1.3,59.7,—,—
5227,Shares,"3,564","3,559","3,546","3,530","3,509","3,489","3,466","3,442","3,418","3,406",—
5227,BVPS,1.07,1.07,1.07,1.05,1.07,1.07,1.08,1.08,1.04,1.02,—
5227,OCF,252,287,392,384,377,357,353,323,308,151,—
5227,FCF,252,287,392,383,374,356,353,323,307,139,—
5227,NP Margin,48.25,50.90,57.21,62.30,65.41,54.76,51.92,68.78,72.42,132.97,—
5227,ROE,5.59,6.24,8.37,8.91,9.29,7.57,6.93,8.76,8.83,4.40,—
5227,Revenue GR,-20.45,-15.74,3.07,2.05,3.46,3.71,5.94,7.21,273.62,—,—
5227,Revenue GR 3Y avg,—,-3.94,2.86,3.07,4.37,5.61,61.90,—,—,—,—
5227,Revenue GR 5Y avg,—,-1.00,3.64,4.46,35.41,—,—,—,—,—,—
5227,Revenue GR 10Y avg,—,—,—,—,—,—,—,—,—,—,—
5227,NP GR,—,-11.65,4.37,9.53,2.63,-3.79,18.33,—,—,—,—
5227,NP GR 3Y avg,—,-1.39,-0.11,1.36,17.50,—,—,—,—,—,—
5227,NP GR 5Y avg,—,—,—,—,—,—,—,—,—,—,—
5227,NP GR 10Y avg,0.0,0.0,0.0,0.0,0.0,0.0,0.0,0.0,0.0,0.0,0.0
5227,EPS GR,-36.27,-25.36,-5.71,-3.37,22.86,8.59,-20.59,1.10,102.89,—,—
5227,EPS GR 3Y avg,—,-12.07,3.83,8.84,1.95,-4.47,17.66,—,—,—,—
5227,EPS GR 5Y avg,—,-1.93,-0.70,0.69,16.80,—,—,—,—,—,—
5227,EPS GR 10Y avg,—,—,—,—,—,—,—,—,—,—,—
5227,OCF GR,—,-26.86,2.26,1.84,5.48,1.21,9.43,4.86,103.39,—,—
5227,FCF GR,—,-26.87,2.32,2.35,5.22,0.81,9.43,5.11,121.45,—,—
5227,D/E,0.32,0.32,0.32,0.32,0.32,0.33,0.33,0.33,0.33,0.34,—
5227,Price,1.7400,1.7200,1.8900,1.7300,1.8000,1.6100,1.3400,1.3100,1.1900,1.3300,0.0000
5228,Year End,TTM,2020-03,2019-03,2018-03,2017-03,2016-03,2015-03,2014-03,2013-03,2012-03,2011-03
5228,Revenue,143,148,123,104,94,64,58,48,41,39,—
5228,NP,28,35,33,26,23,19,19,16,14,16,—
5228,EPS,0.09,0.12,0.10,0.09,0.09,0.09,0.10,0.13,0.12,0.12,—
5228,DPS,0.06,0.07,0.07,0.07,0.07,0.10,0.07,0.06,—,—,—
5228,Div Payout,68.2,86.1,62.8,73.3,77.7,78.8,71.7,61.9,—,—,—
5228,Shares,303,303,303,283,257,230,211,131,112,131,—
5228,BVPS,1.44,1.41,1.35,1.36,1.39,1.84,1.95,1.24,1.19,—,—
5228,OCF,112,-93,-54,-26,-48,10,-6,-29,12,4,—
5228,FCF,111,-94,-58,-26,-48,9,-10,-30,11,4,—
5228,NP Margin,19.43,23.58,26.68,24.90,24.34,29.28,32.62,33.89,33.87,41.30,—
5228,ROE,6.54,8.35,8.15,7.10,7.02,6.47,8.81,10.06,10.05,14.60,—
5228,Revenue GR,-3.75,19.92,18.50,10.20,47.25,11.37,19.06,18.15,6.10,—,—
5228,Revenue GR 3Y avg,—,16.13,24.35,21.81,24.99,16.14,14.28,—,—,—,—
5228,Revenue GR 5Y avg,—,20.76,20.59,20.52,19.61,—,—,—,—,—,—
5228,Revenue GR 10Y avg,—,—,—,—,—,—,—,—,—,—,—
5228,NP GR,—,14.90,20.55,11.31,11.94,10.64,5.64,—,—,—,—
5228,NP GR 3Y avg,—,13.17,14.95,13.32,7.61,—,—,—,—,—,—
5228,NP GR 5Y avg,—,—,—,—,—,—,—,—,—,—,—
5228,NP GR 10Y avg,0.0,0.0,0.0,0.0,0.0,0.0,0.0,0.0,0.0,0.0,0.0
5228,EPS GR,-3.85,5.87,17.08,2.81,2.24,-8.55,-22.71,18.21,-12.98,—,—
5228,EPS GR 3Y avg,—,8.42,7.16,-1.31,-10.26,-5.81,-7.36,—,—,—,—
5228,EPS GR 5Y avg,—,3.57,-2.75,-2.56,-5.76,—,—,—,—,—,—
5228,EPS GR 10Y avg,—,—,—,—,—,—,—,—,—,—,—
5228,OCF GR,—,—,—,—,—,—,—,—,171.86,—,—
5228,FCF GR,—,—,—,—,—,—,—,—,196.75,—,—
5228,D/E,0.28,0.43,0.16,0.08,0.05,0.06,0.14,0.24,0.21,0.33,—
5228,Price,1.3700,1.3700,1.1600,1.3900,1.1900,1.1700,1.2500,1.3900,1.3600,1.2700,0.0000
5232,Year End,TTM,2020-12,2019-12,2018-12,2017-12,2016-12,2015-12,2014-12,2013-12,2012-12,2011-12
5232,Revenue,681,590,607,598,577,499,505,489,455,437,—
5232,NP,64,28,6,26,80,28,18,28,26,24,—
5232,EPS,0.20,0.09,0.02,0.08,0.26,0.09,0.06,0.09,0.09,0.10,—
5232,DPS,—,—,0.01,0.01,0.01,0.01,0.02,0.03,0.01,—,—
5232,Div Payout,—,—,37.9,9.0,7.4,22.0,42.7,16.5,—,—,—
5232,Shares,310,310,310,310,310,310,310,310,286,251,—
5232,BVPS,1.22,1.17,1.15,1.14,0.99,0.80,0.75,0.71,0.63,—,—
5232,OCF,43,15,16,17,—,40,7,6,-15,9,—
5232,FCF,26,1,7,-5,-22,-7,-25,1,-20,-5,—
5232,NP Margin,9.33,4.83,0.92,4.37,13.93,5.55,3.66,5.63,5.66,5.51,—
5232,ROE,16.57,7.80,1.59,7.62,27.21,11.25,8.09,12.97,14.76,16.44,—
5232,Revenue GR,76.18,-2.89,1.54,3.56,15.77,-1.32,3.31,7.45,4.13,—,—
5232,Revenue GR 3Y avg,—,0.70,6.78,5.76,5.68,3.09,4.95,—,—,—,—
5232,Revenue GR 5Y avg,—,3.13,4.41,5.60,5.72,—,—,—,—,—,—
5232,Revenue GR 10Y avg,—,—,—,—,—,—,—,—,—,—,—
5232,NP GR,—,-29.27,-41.30,12.20,42.92,2.40,-8.48,—,—,—,—
5232,NP GR 3Y avg,—,9.02,-27.29,0.25,27.24,—,—,—,—,—,—
5232,NP GR 5Y avg,—,—,—,—,—,—,—,—,—,—,—
5232,NP GR 10Y avg,0.0,0.0,0.0,0.0,0.0,0.0,0.0,0.0,0.0,0.0,0.0
5232,EPS GR,—,407.18,-78.50,-67.54,190.48,49.83,-32.96,-1.44,-6.24,—,—
5232,EPS GR 3Y avg,—,-29.27,-41.26,12.21,42.90,-0.33,-14.75,—,—,—,—
5232,EPS GR 5Y avg,—,9.02,-27.26,-1.37,21.94,—,—,—,—,—,—
5232,EPS GR 10Y avg,—,—,—,—,—,—,—,—,—,—,—
5232,OCF GR,—,-4.10,-8.80,—,—,473.30,19.38,—,—,—,—
5232,FCF GR,—,-79.89,—,—,—,—,—,—,—,—,—
5232,D/E,0.14,0.16,0.18,0.14,0.04,0.07,0.02,0.02,—,0.08,—
5232,Price,0.7100,0.6050,0.4200,0.4850,0.9100,0.4650,0.4500,0.5050,0.4700,0.0000,0.0
5235SS,Year End,TTM,2020-12,2019-12,2018-12,2017-12,2016-12,2015-12,2014-12,2013-12,2012-12,2011-12
5235SS,Revenue,"1,167","1,239","1,423","1,406","1,367","1,344","1,340","1,354","1,279","1,178",746
5235SS,NP,401,432,790,725,877,886,"1,132",938,826,"1,464","1,195"
5235SS,EPS,0.22,0.24,0.44,0.40,0.49,0.49,0.63,0.52,0.53,1.13,0.62
5235SS,DPS,0.30,0.34,0.37,0.36,0.36,0.36,0.31,0.34,0.25,0.17,0.12
5235SS,Div Payout,134.9,91.0,92.0,74.0,73.1,50.3,64.5,67.0,53.7,15.0,20.1
5235SS,Shares,"1,805","1,805","1,805","1,805","1,805","1,805","1,805","1,805","1,569","1,295","1,295"
5235SS,BVPS,2.74,2.83,2.79,2.76,2.71,2.66,2.46,2.35,2.28,9.03,6.33
5235SS,OCF,726,808,"1,041",915,954,—,—,—,—,—,—
5235SS,FCF,717,796,"1,001",870,890,873,869,816,875,769,410
5235SS,NP Margin,34.40,34.88,55.53,51.56,64.23,65.94,84.43,69.30,64.56,124.25,88.16
5235SS,ROE,7.98,8.58,15.58,14.52,17.81,18.35,24.50,21.52,13.01,19.66,10.20
5235SS,Revenue GR,-20.37,-12.92,1.21,2.87,1.73,0.25,-0.98,5.85,8.52,57.97,—
5235SS,Revenue GR 3Y avg,—,-3.21,1.93,1.61,0.32,1.66,4.39,21.97,—,—,-9.08
5235SS,Revenue GR 5Y avg,—,-1.56,1.01,1.91,3.01,12.49,—,—,10.42,8.70,-3.21
5235SS,Revenue GR 10Y avg,—,—,—,5.48,5.41,5.47,6.36,7.00,9.06,—,—
5235SS,NP GR,—,-21.04,-3.74,-13.79,-2.18,2.38,-8.23,-7.76,—,—,3.87
5235SS,NP GR 3Y avg,—,-17.51,-3.37,-2.57,-9.72,-5.81,—,—,-7.76,16.06,14.74
5235SS,NP GR 5Y avg,—,—,—,-4.83,0.55,2.51,-6.34,14.48,18.34,—,—
5235SS,NP GR 10Y avg,0.0,0.0,0.0,0.0,0.0,0.0,0.0,0.0,0.0,0.0,0.0
5235SS,EPS GR,-17.45,-45.31,9.02,-17.44,-0.96,-21.69,20.58,-1.14,-53.53,122.40,—
5235SS,EPS GR 3Y avg,—,-21.04,-3.76,-13.81,-2.21,-2.27,-17.88,0.72,—,—,0.79
5235SS,EPS GR 5Y avg,—,-17.52,-3.39,-5.26,-15.55,-0.72,—,—,1.25,30.54,11.00
5235SS,EPS GR 10Y avg,—,—,—,-2.52,1.80,4.15,-4.30,16.26,17.62,—,—
5235SS,OCF GR,—,-22.30,13.70,-4.08,4.12,-1.70,10.60,-7.77,15.91,77.18,—
5235SS,FCF GR,—,-20.48,15.08,-2.33,2.05,0.46,6.48,-6.77,13.82,87.69,—
5235SS,D/E,0.39,0.39,0.45,0.36,0.45,0.46,0.53,0.48,0.37,0.27,0.36
5235SS,Price,6.9800,7.0800,7.9000,7.6600,8.6400,8.3000,7.0600,6.7100,5.8500,0.0000,0.0
5236,Year End,TTM,2020-03,2019-03,2018-03,2017-03,2014-12,2013-12,2012-12,2011-12,2010-12,2009-12
5236,Revenue,"1,213","1,283","1,046",818,775,599,574,456,—,—,—
5236,NP,240,237,218,213,185,182,152,103,—,—,—
5236,EPS,0.29,0.29,0.29,0.32,0.28,0.27,0.24,0.20,—,—,—
5236,DPS,0.10,0.12,0.13,0.12,0.12,0.10,0.12,—,—,—,—
5236,Div Payout,36.4,38.3,52.2,37.6,—,—,—,—,—,—,—
5236,Shares,834,805,754,675,668,672,629,520,—,—,—
5236,BVPS,2.10,1.88,1.70,1.57,1.39,—,—,—,—,—,—
5236,OCF,70,52,78,161,53,136,40,35,—,—,—
5236,FCF,66,45,46,150,29,20,37,32,—,—,—
5236,NP Margin,19.80,18.50,20.89,26.06,23.91,30.43,26.43,22.69,—,—,—
5236,ROE,14.45,16.19,17.24,19.12,19.41,30.00,33.95,30.26,—,—,—
5236,Revenue GR,13.06,22.75,27.74,5.61,—,4.42,25.75,—,—,—,—
5236,Revenue GR 3Y avg,—,18.31,—,10.09,9.71,—,—,—,—,—,—
5236,Revenue GR 5Y avg,—,15.62,12.12,11.78,—,—,—,—,—,—,—
5236,Revenue GR 10Y avg,—,—,—,—,—,—,—,—,—,—,—
5236,NP GR,—,8.61,—,4.96,6.38,—,—,—,—,—,—
5236,NP GR 3Y avg,—,5.16,7.21,14.77,—,—,—,—,—,—,—
5236,NP GR 5Y avg,—,—,—,—,—,—,—,—,—,—,—
5236,NP GR 10Y avg,0.0,0.0,0.0,0.0,0.0,0.0,0.0,0.0,0.0,0.0,0.0
5236,EPS GR,13.73,1.72,-8.23,22.29,—,5.56,22.73,—,—,—,—
5236,EPS GR 3Y avg,—,4.51,—,6.12,1.42,—,—,—,—,—,—
5236,EPS GR 5Y avg,—,2.39,3.12,8.99,—,—,—,—,—,—,—
5236,EPS GR 10Y avg,—,—,—,—,—,—,—,—,—,—,—
5236,OCF GR,—,-32.72,-51.72,201.47,—,243.03,14.70,—,—,—,—
5236,FCF GR,—,-0.70,-69.51,418.20,—,-45.92,15.49,—,—,—,—
5236,D/E,0.11,0.15,0.15,0.15,0.17,0.04,0.02,0.05,—,—,—
5236,Price,1.9300,1.9300,1.5700,1.8900,1.9900,2.5400,2.4800,2.7000,3.4100,0.0000,0.0
5246,Year End,TTM,2020-12,2019-12,2018-12,2017-12,2016-12,2015-12,2014-12,2013-12,2012-12,2011-12
5246,Revenue,"2,010","1,975","1,783","1,615","2,089","2,035","1,681","1,562","1,713","1,492","1,387"
5246,NP,710,654,591,533,652,637,505,512,435,403,355
5246,EPS,0.21,0.19,0.17,0.16,0.19,0.19,0.15,0.15,0.14,0.11,0.10
5246,DPS,0.12,0.11,0.13,0.13,0.13,0.13,0.11,0.10,—,—,—
5246,Div Payout,55.3,62.6,73.0,76.0,74.8,72.6,76.3,65.1,—,—,—
5246,Shares,"3,410","3,410","3,410","3,410","3,410","3,410","3,410","3,410","3,140","3,410","3,410"
5246,BVPS,0.82,0.78,0.71,0.65,0.61,0.56,0.52,0.48,0.43,—,—
5246,OCF,"1,004","1,025",960,588,"1,085",939,771,613,687,631,491
5246,FCF,671,702,879,378,273,448,514,293,78,184,-7
5246,NP Margin,35.33,33.14,33.14,33.04,31.19,31.30,30.03,32.79,25.42,27.03,25.58
5246,ROE,26.71,24.29,23.75,22.75,30.00,32.11,27.57,30.41,28.16,28.64,26.90
5246,Revenue GR,7.33,10.77,10.42,-22.69,2.63,21.06,7.62,-8.79,14.77,7.56,38.94
5246,Revenue GR 3Y avg,—,-1.85,-4.31,-1.33,10.17,5.92,4.05,4.03,19.70,—,—
5246,Revenue GR 5Y avg,—,3.28,2.68,-1.17,6.96,7.96,10.98,—,—,—,—
5246,Revenue GR 10Y avg,—,7.06,—,—,—,—,—,—,—,—,—
5246,NP GR,—,0.15,-2.47,1.85,8.35,13.53,7.77,13.01,10.89,—,—
5246,NP GR 3Y avg,—,5.33,2.90,4.15,10.07,12.41,9.60,—,—,—,—
5246,NP GR 5Y avg,—,7.44,—,—,—,—,—,—,—,—,—
5246,NP GR 10Y avg,0.0,0.0,0.0,0.0,0.0,0.0,0.0,0.0,0.0,0.0,0.0
5246,EPS GR,36.38,10.73,10.81,-18.16,2.30,26.13,-1.40,8.37,17.19,13.63,11.19
5246,EPS GR 3Y avg,—,0.14,-2.47,1.83,8.36,10.46,7.79,13.00,13.98,—,—
5246,EPS GR 5Y avg,—,5.32,2.90,2.45,10.07,12.41,9.61,—,—,—,—
5246,EPS GR 10Y avg,—,7.44,—,—,—,—,—,—,—,—,—
5246,OCF GR,—,6.75,63.38,-45.86,15.61,21.81,25.64,-10.70,8.86,28.43,2.16
5246,FCF GR,—,-20.20,132.76,38.26,-38.97,-12.84,75.55,277.07,-57.76,—,—
5246,D/E,0.43,0.42,0.52,0.58,0.66,0.56,0.61,0.65,0.56,0.30,0.52
5246,Price,4.2000,4.3000,4.2100,3.6200,3.7000,4.3000,4.1200,3.3600,2.5300,0.0000,0.0
5247,Year End,TTM,2020-06,2019-06,2018-06,2017-06,2016-06,2015-06,2014-06,2013-06,2012-06,2011-06
5247,Revenue,404,395,378,408,361,344,298,220,231,189,182
5247,NP,6,—,3,10,28,67,60,35,29,12,7
5247,EPS,0.01,—,—,0.01,0.03,0.07,0.06,0.05,0.03,0.01,0.01
5247,DPS,0.01,0.01,0.01,0.01,0.02,0.02,0.01,—,—,—,—
5247,Div Payout,92.6,—,100.0,87.0,53.9,23.3,18.4,—,—,—,—
5247,Shares,"1,017","1,002","1,002","1,002","1,002","1,002",939,685,911,911,911
5247,BVPS,0.45,0.47,0.49,0.48,0.49,0.46,0.41,0.23,—,—,—
5247,OCF,23,28,32,3,19,44,45,26,40,5,1
5247,FCF,-24,4,13,-25,-41,-6,-1,16,23,1,-12
5247,NP Margin,1.36,0.06,0.67,2.48,7.73,19.41,19.98,15.73,12.55,6.37,3.84
5247,ROE,1.17,0.05,0.52,2.06,5.73,14.65,18.19,17.22,24.99,23.86,15.69
5247,Revenue GR,-3.58,4.38,-7.24,12.88,5.19,15.27,35.54,-4.95,22.59,3.85,—
5247,Revenue GR 3Y avg,—,3.01,3.27,11.03,18.01,14.09,16.45,6.56,13.69,—,—
5247,Revenue GR 5Y avg,—,5.79,11.47,12.01,13.88,13.58,13.62,—,—,—,—
5247,Revenue GR 10Y avg,—,9.64,—,—,—,—,—,—,—,—,—
5247,NP GR,—,-79.87,-66.38,-44.64,-6.86,31.95,70.50,70.42,20.65,—,—
5247,NP GR 3Y avg,—,-67.14,-40.71,-19.03,18.39,57.01,29.22,—,—,—,—
5247,NP GR 5Y avg,—,-34.84,—,—,—,—,—,—,—,—,—
5247,NP GR 10Y avg,0.0,0.0,0.0,0.0,0.0,0.0,0.0,0.0,0.0,0.0,0.0
5247,EPS GR,172.73,-92.00,-75.25,-63.80,-58.05,4.89,25.57,54.91,175.00,33.33,—
5247,EPS GR 3Y avg,—,-80.72,-66.50,-45.79,-17.94,26.83,74.89,78.42,22.39,—,—
5247,EPS GR 5Y avg,—,-68.39,-45.18,-20.89,18.68,49.55,28.96,—,—,—,—
5247,EPS GR 10Y avg,—,-36.16,—,—,—,—,—,—,—,—,—
5247,OCF GR,—,-13.17,880.11,-82.77,-56.32,-3.36,77.00,-36.37,649.11,382.12,—
5247,FCF GR,—,-71.19,—,—,—,—,—,-30.62,—,—,—
5247,D/E,0.08,0.05,0.02,0.02,0.02,0.03,0.02,0.05,0.06,0.13,0.15
5247,Price,0.6250,0.4850,0.5450,0.8200,1.7000,2.4100,3.0700,3.0000,0.0000,0.0,0.0
5248,Year End,TTM,2020-04,2019-04,2018-04,2017-04,2016-04,2015-04,2014-04,2013-04,2012-04,2011-04
5248,Revenue,"1,942","1,755","2,520","1,993","1,660","2,095","1,830","1,451","1,064",664,593
5248,NP,70,101,264,140,118,198,212,131,51,41,36
5248,EPS,0.06,0.09,0.23,0.12,0.10,0.17,0.18,0.12,0.05,0.04,0.03
5248,DPS,0.03,0.11,0.13,0.09,0.11,0.10,0.09,0.01,—,—,—
5248,Div Payout,53.3,104.0,48.1,100.2,81.1,57.6,34.6,13.1,—,—,—
5248,Shares,"1,165","1,165","1,166","1,156","1,154","1,154","1,154","1,085","1,124","1,124","1,124"
5248,BVPS,0.44,0.41,0.47,0.39,0.40,0.44,0.39,0.26,—,—,—
5248,OCF,—,—,—,—,—,—,—,—,—,—,—
5248,FCF,331,-163,234,198,20,238,214,80,39,86,-19
5248,NP Margin,3.60,5.74,10.48,7.02,7.09,9.43,11.60,9.00,4.78,6.13,6.10
5248,ROE,14.05,19.49,50.71,30.42,24.14,39.34,51.96,44.69,29.15,46.27,73.12
5248,Revenue GR,27.92,-30.34,26.44,20.05,-20.78,14.47,26.17,36.31,60.39,11.98,—
5248,Revenue GR 3Y avg,—,1.88,6.34,2.87,4.59,25.33,40.25,34.78,54.82,—,—
5248,Revenue GR 5Y avg,—,-0.83,11.67,13.37,20.13,28.74,44.87,—,—,—,—
5248,Revenue GR 10Y avg,—,19.86,—,—,—,—,—,—,—,—,—
5248,NP GR,—,-5.01,10.14,-12.97,-3.43,57.21,73.47,53.46,53.20,—,—
5248,NP GR 3Y avg,—,-13.84,15.11,22.44,23.66,40.46,71.91,—,—,—,—
5248,NP GR 5Y avg,—,21.70,—,—,—,—,—,—,—,—,—
5248,NP GR 10Y avg,0.0,0.0,0.0,0.0,0.0,0.0,0.0,0.0,0.0,0.0,0.0
5248,EPS GR,21.89,-61.75,86.95,18.84,-40.51,-6.90,52.79,167.62,24.31,12.55,—
5248,EPS GR 3Y avg,—,-5.28,9.74,-13.02,-5.42,56.14,71.94,55.28,52.91,—,—
5248,EPS GR 5Y avg,—,-13.99,13.46,21.90,23.00,39.73,71.00,—,—,—,—
5248,EPS GR 10Y avg,—,21.27,—,—,—,—,—,—,—,—,—
5248,OCF GR,—,—,24.33,809.26,-90.99,9.80,161.70,60.29,-39.91,—,—
5248,FCF GR,—,—,18.19,891.75,-91.60,11.34,168.84,104.64,-54.68,—,—
5248,D/E,0.31,0.14,—,—,—,—,—,—,0.01,0.10,0.16
5248,Price,1.4800,1.4800,1.3600,2.4000,2.2200,2.1500,2.2000,4.0400,2.0800,0.0000,0.0
5249,Year End,TTM,2020-06,2019-06,2018-06,2017-06,2016-06,2015-06,2014-06,2013-06,2012-06,2011-06
5249,Revenue,"2,440","2,116","2,198","2,793","4,185","3,025","1,906","1,454","1,323","1,052","1,171"
5249,NP,537,456,661,784,921,"1,080",891,890,694,600,725
5249,EPS,0.10,0.08,0.12,0.14,0.18,0.25,0.24,0.30,0.23,0.17,0.20
5249,DPS,0.01,0.03,0.05,0.06,0.07,0.06,0.07,—,—,—,—
5249,Div Payout,15.4,30.1,34.2,38.8,35.9,20.7,25.4,—,—,—,—
5249,Shares,"5,506","5,506","5,506","5,506","5,000","4,321","3,714","3,006","2,396","3,586","3,587"
5249,BVPS,3.52,3.44,3.38,3.27,3.27,3.24,3.17,3.06,—,—,—
5249,OCF,"1,062",977,757,"1,531",35,111,334,852,459,666,92
5249,FCF,933,828,631,"1,495",-74,45,154,762,354,664,87
5249,NP Margin,22.00,21.53,30.09,28.06,22.00,35.70,46.72,61.19,52.42,57.00,61.93
5249,ROE,2.80,2.41,3.56,4.29,5.40,7.37,7.23,8.26,9.04,12.72,16.43
5249,Revenue GR,44.22,-3.69,-21.31,-33.28,38.36,58.67,31.08,9.91,25.76,-10.16,—
5249,Revenue GR 3Y avg,—,-20.33,-10.10,13.57,42.24,31.73,21.91,7.49,—,—,—
5249,Revenue GR 5Y avg,—,2.11,8.60,16.11,31.80,20.90,—,—,—,—,—
5249,Revenue GR 10Y avg,—,—,—,—,—,—,—,—,—,—,—
5249,NP GR,—,-20.90,-15.08,-4.18,1.15,15.91,14.09,7.06,—,—,—
5249,NP GR 3Y avg,—,-12.54,-5.77,2.47,8.95,8.29,—,—,—,—,—
5249,NP GR 5Y avg,—,—,—,—,—,—,—,—,—,—,—
5249,NP GR 10Y avg,0.0,0.0,0.0,0.0,0.0,0.0,0.0,0.0,0.0,0.0,0.0
5249,EPS GR,150.00,-31.06,-15.60,-22.75,-25.74,3.45,-16.70,48.90,15.60,-17.28,—
5249,EPS GR 3Y avg,—,-23.40,-21.48,-15.97,-13.83,8.66,12.77,12.50,—,—,—
5249,EPS GR 5Y avg,—,-19.16,-16.04,-5.94,1.95,4.18,—,—,—,—,—
5249,EPS GR 10Y avg,—,—,—,—,—,—,—,—,—,—,—
5249,OCF GR,—,29.13,-50.59,—,-68.51,-66.76,-60.74,85.49,-31.10,622.47,—
5249,FCF GR,—,31.34,-57.81,—,—,-70.95,-79.74,115.43,-46.70,659.35,—
5249,D/E,0.52,0.51,0.54,0.52,0.26,0.24,0.17,0.12,0.05,—,0.11
5249,Price,1.4300,0.9800,1.3800,1.6000,2.2000,2.3500,1.8500,2.5200,0.0000,0.0,0.0
5250,Year End,TTM,2020-12,2019-12,2018-12,2017-12,2016-12,2015-12,2014-12,2013-12,2012-12,2011-12
5250,Revenue,"2,576","2,539","2,361","2,217","2,187","2,103","2,006","1,893","1,672","1,579","1,462"
5250,NP,30,30,54,51,50,52,56,63,44,40,30
5250,EPS,0.03,0.02,0.05,0.04,0.04,0.04,0.04,0.05,0.02,0.03,0.02
5250,DPS,0.02,0.02,0.02,0.03,0.02,0.02,0.02,—,—,—,—
5250,Div Payout,87.1,71.8,48.7,55.4,58.4,48.0,55.1,—,—,—,—
5250,Shares,"1,139","1,144","1,141","1,143","1,150","1,200","1,269","1,278","1,841","1,278","1,278"
5250,BVPS,0.07,0.08,0.08,0.07,0.05,0.07,0.15,0.17,—,—,—
5250,OCF,—,—,—,—,—,—,—,—,—,—,—
5250,FCF,162,157,216,47,1,-5,1,27,145,51,87
5250,NP Margin,1.17,1.17,2.29,2.31,2.29,2.48,2.78,3.33,2.64,2.56,2.06
5250,ROE,31.51,35.29,55.67,61.69,91.75,50.81,27.46,31.49,29.01,33.97,33.55
5250,Revenue GR,6.11,7.54,6.50,1.37,3.98,4.84,5.98,13.19,5.91,7.98,11.32
5250,Revenue GR 3Y avg,—,5.10,3.93,3.39,4.93,7.94,8.31,8.99,8.38,—,—
5250,Revenue GR 5Y avg,—,4.82,4.52,5.80,6.73,7.54,8.84,—,—,—,—
5250,Revenue GR 10Y avg,—,6.81,—,—,—,—,—,—,—,—,—
5250,NP GR,—,-15.94,1.19,-2.76,-7.38,5.76,11.29,27.90,17.35,—,—
5250,NP GR 3Y avg,—,-11.81,-3.04,3.07,4.36,11.60,15.38,—,—,—,—
5250,NP GR 5Y avg,—,0.87,—,—,—,—,—,—,—,—,—
5250,NP GR 10Y avg,0.0,0.0,0.0,0.0,0.0,0.0,0.0,0.0,0.0,0.0,0.0
5250,EPS GR,4.04,-45.15,5.68,3.02,0.22,-1.10,-11.03,43.02,8.94,34.29,10.47
5250,EPS GR 3Y avg,—,-15.79,2.95,0.70,-4.10,7.97,11.50,27.90,17.35,—,—
5250,EPS GR 5Y avg,—,-9.96,-0.81,5.38,6.56,12.98,15.51,—,—,—,—
5250,EPS GR 10Y avg,—,1.99,—,—,—,—,—,—,—,—,—
5250,OCF GR,—,-27.42,275.99,68.05,-32.94,-42.34,28.63,-47.23,180.27,-37.87,68.91
5250,FCF GR,—,-27.53,360.12,—,—,—,-95.32,-81.27,182.63,-40.88,95.64
5250,D/E,11.40,13.35,5.45,0.48,0.57,0.72,—,0.01,0.04,0.07,0.17
5250,Price,1.4000,1.3600,1.4300,1.5000,1.5400,1.4200,1.5400,1.5000,0.0000,0.0,0.0
5254,Year End,TTM,2020-12,2019-12,2018-12,2017-12,2016-12,2015-12,2014-12,2013-12,2012-12,2011-12
5254,Revenue,772,763,577,584,760,708,615,717,685,837,949
5254,NP,65,43,-144,-52,665,228,79,57,161,142,257
5254,EPS,0.03,0.01,-0.06,-0.02,0.28,0.10,0.04,0.03,0.23,0.06,0.12
5254,DPS,0.01,0.01,0.01,0.10,0.09,0.10,0.09,0.03,—,—,—
5254,Div Payout,34.7,—,416.7,784.7,33.0,108.9,242.8,17.5,—,—,—
5254,Shares,"2,240","2,240","2,240","2,240","2,240","2,240","2,240","1,848","2,240","2,240","2,240"
5254,BVPS,1.16,1.15,1.22,1.25,1.19,0.98,1.00,1.04,—,—,—
5254,OCF,—,—,—,—,—,—,—,—,—,—,—
5254,FCF,230,216,-298,-745,47,102,65,98,-65,—,—
5254,NP Margin,8.38,5.63,-24.95,-8.87,87.52,32.18,12.78,7.97,23.57,17.01,27.07
5254,ROE,2.52,1.67,-5.47,-1.97,28.11,10.43,3.51,3.10,11.62,—,—
5254,Revenue GR,5.68,32.20,-1.17,-23.17,7.38,15.07,-14.24,4.72,-18.14,-11.83,—
5254,Revenue GR 3Y avg,—,0.13,-6.58,-1.72,1.95,1.10,-9.74,-8.91,—,—,—
5254,Revenue GR 5Y avg,—,4.40,-4.25,-3.14,-1.90,-5.69,—,—,—,—,—
5254,Revenue GR 10Y avg,—,—,—,—,—,—,—,—,—,—,—
5254,NP GR,—,-59.88,—,—,126.62,12.15,-17.95,-39.41,—,—,—
5254,NP GR 3Y avg,—,-11.39,—,—,36.13,-2.38,—,—,—,—,—
5254,NP GR 5Y avg,—,—,—,—,—,—,—,—,—,—,—
5254,NP GR 10Y avg,0.0,0.0,0.0,0.0,0.0,0.0,0.0,0.0,0.0,0.0,0.0
5254,EPS GR,-227.91,—,—,—,192.96,189.80,13.95,-57.43,13.48,-44.72,—
5254,EPS GR 3Y avg,—,-60.01,—,—,113.08,12.03,-18.04,-35.60,—,—,—
5254,EPS GR 5Y avg,—,-11.50,—,—,36.13,-2.48,—,—,—,—,—
5254,EPS GR 10Y avg,—,—,—,—,—,—,—,—,—,—,—
5254,OCF GR,—,74.06,96.13,-51.42,12.25,41.37,-31.34,39.23,—,—,—
5254,FCF GR,—,—,—,—,-53.45,55.88,-33.53,—,—,—,—
5254,D/E,0.21,0.22,0.26,0.14,—,0.05,0.06,0.07,0.17,—,—
5254,Price,0.5850,0.6100,0.7650,0.7500,1.6500,1.6600,1.4900,1.4500,0.0000,0.0,0.0
